timestamp,exch_b_1,size_b_1,bid_1,ask_1,size_a_1,exch_a_1,exch_b_2,size_b_2,bid_2,ask_2,size_a_2,exch_a_2,exch_b_3,size_b_3,bid_3,ask_3,size_a_3,exch_a_3,exch_b_4,size_b_4,bid_4,ask_4,size_a_4,exch_a_4,exch_b_5,size_b_5,bid_5,ask_5,size_a_5,exch_a_5,exch_b_6,size_b_6,bid_6,ask_6,size_a_6,exch_a_6,exch_b_7,size_b_7,bid_7,ask_7,size_a_7,exch_a_7,exch_b_8,size_b_8,bid_8,ask_8,size_a_8,exch_a_8,exch_b_9,size_b_9,bid_9,ask_9,size_a_9,exch_a_9,exch_b_10,size_b_10,bid_10,ask_10,size_a_10,exch_a_10,exch_b_11,size_b_11,bid_11,ask_11,size_a_11,exch_a_11
2025-12-08 10:02:52,XNMS,40,445.01,445.09,120,XNMS,EDGX,40.0,445.00,445.11,160,BATS,ARCX,2,444.81,445.11,40,EDGX,ARCX,2,444.77,445.12,103,ARCX,ARCX,9,444.75,445.25,100,ARCX,ARCX,B,444.74,445.27,7,ARCX,ARCX,2,444.73,445.29,9,ARCX,ARCX,9,444.69,445.36,9,ARCX,ARCX,9,444.68,445.39,5,ARCX,ARCX,2,444.66,445.43,9,ARCX,BATS,40,444.64,445.47,1,ARCX
2025-12-08 10:03:01,ARCX,18,444.96,445.04,160,EDGX,IEXG,160.0,444.96,445.04,101,ARCX,XNMS,160,444.95,445.06,80,XNMS,EDGX,40,444.95,445.06,120,BATS,ARCX,1,444.90,445.11,6,ARCX,ARCX,2,444.85,445.21,7,ARCX,ARCX,2,444.83,445.29,9,ARCX,ARCX,2,444.8,445.36,9,ARCX,ARCX,2,444.77,445.39,5,ARCX,ARCX,9,444.75,445.43,9,ARCX,ARCX,15,444.74,445.47,1,ARCX
2025-12-08 10:03:11,ARCX,50,444.73,444.79,120,XNMS,XNMS,40.0,444.73,444.84,40,EDGX,EDGX,80,444.72,444.92,40,BATS,BATS,160,444.71,445.03,5,ARCX,XASE,120,444.55,445.05,7,ARCX,ARCX,62,444.54,445.06,6,ARCX,XNYS,BO,444.51,445.08,9,ARCX,ARCX,1,444.5,445.1,10,ARCX,ARCX,B,444.49,445.15,9,ARCX,ARCX,11,444.47,445.2,200,XCME,ARCX,1,444.45,445.22,9,ARCX
2025-12-08 10:03:19,ARCX,6,444.87,444.96,40,XNMS,XNMS,40.0,444.87,444.97,40,EDGX,BATS,40,444.87,444.99,9,ARCX,ARCX,5,444.84,445.11,12D,ARCX,EDGX ARCX,40 1,444.84 444.83,445.14 445.22,7 9,ARCX ARCX,IEXG,80,444.83,445.29,9,ARCX,ARCX,2,444.7,445.31,80,BATS,ARCX,9,444.68,445.36,9,ARCX,ARCX,7,444.65,445.43,9,ARCX,ARCX,10,444.61,445.47,1,ARCX,,,,,,
2025-12-08 10:03:25,XNMS,40,444.71,444.81,80,XNMS,ARCX,9.0,444.70,444.84,26,ARCX,EDGX,40,444.70,444.84,80,EDGX,IEXG,60,444.69,444.88,160,BATS,BATS XASE,40 120,444.64 444.55,445.02 445.03,12D 197,ARCX ARCX,ARCX,62,444.54,445.05,7,ARCX,XNYS,80,444.51,445.06,120,ARCX,ARCX,1,444.5,445.08,10,ARCX,ARCX,11,444.47,445.15,9,ARCX,ARCX,1,444.45,445.2,200,XCME,,,,,,
2025-12-08 10:03:32,ARCX,9,444.47,444.54,80,BATS,XNMS,40.0,444.48,444.54,240,XNMS,ARCX,1,444.45,444.6,40,EDGX,ARCX,1,444.44,444.70,120,ARCX,IEXG EDGX,80 80,444.44 444.44,444.75 444.76,12D 12D,ARCX ARCX,ARCX,5,444.37,444.78,1,ARCX,ARCX,3,444.33,444.85,3,ARCX,ARCX,3,444.27,444.87,9,ARCX,ARCX,16,444.26,444.88,7,ARCX,ARCX,1,444.23,444.9,120,ARCX,,,,,,
2025-12-08 10:03:40,XNMS,40,444.65,444.74,67,ARCX,BATS,160.0,444.57,444.74,40,EDGX,ARCX,10,444.55,444.74,120,XNMS,ARCX,21,444.50,444.78,8,ARCX,IEXG,120,444.49,444.85,3,ARCX,ARCX,2,444.49,444.88,2,ARCX,ARCX,13,444.47,444.89,100,ARCX,EDGX,80,444.45,444.91,2,ARCX,ARCX,B,444.45,444.92,7,ARCX,ARCX,1,444.44,444.94,2,ARCX,ARCX,2,444.43,444.97,2,ARCX
2025-12-08 10:03:48,BATS,40,444.91,444.99,80,XNMS,XNMS,80.0,444.90,445.0,63,ARCX,ARCX,7,444.89,445.0,160,BATS,IEXG,40,444.87,445.00,80,EDGX,EDGX,40,444.77,445.00,40,IEXG,ARCX,2,444.75,445.08,2,ARCX,ARCX,2,444.72,445.1,2,ARCX,ARCX,2,444.69,445.12,2,ARCX,ARCX,10,444.68,445.14,7,ARCX,ARCX,2,444.66,445.15,5,ARCX,ARCX,2,444.63,445.17,2,ARCX
2025-12-08 10:03:54,EDGX,40,444.8,444.89,40,EDGX,IEXG,40.0,444.80,444.89,40,XNMS,XNMS,60,444.80,444.95,160,ARCX,ARCX,2,444.67,444.98,2,ARCX,ARCX ARCX,44 2,444.65 444.64,445.00 445.00,7 80,ARCX BATS,ARCX,2,444.61,445.01,2,ARCX,ARCX,1,444.6,445.03,2,ARCX,ARCX,2,444.59,445.05,2,ARCX,BATS,40,444.59,445.06,7,ARCX,ARCX,7,444.58,445.07,2,ARCX,,,,,,
2025-12-08 10:04:02,XNMS,40,444.98,445.05,40,XNMS,BATS,200.0,444.97,445.06,40,BATS,EDGX,40,444.97,445.06,200,EDGX,IEXG,40,444.96,445.13,2,ARCX,ARCX ARCX,100 2,444.88 444.84,445.15 445.17,5 2,ARCX ARCX,ARCX,2,444.81,445.19,2,ARCX,ARCX,6,444.78,445.2,80,BATY,ARCX,2,444.75,445.21,2,ARCX,ARCX,2,444.72,445.22,7,ARCX,ARCX,3,444.71,445.23,2,ARCX,,,,,,
2025-12-08 10:04:11,IEXG,160,445.45,445.5,40,XBOS,XNMS,120.0,445.45,445.5,1080,EDGX,EDGX,40,445.42,445.5,42,ARCX,BATS,160,445.42,445.50,200,BATS,ARCX ARCX,15 30,445.36 445.33,445.50 445.51,"3,480 10",XNMS ARCX,ARCX,10,445.17,445.55,2,ARCX,ARCX,1,445.15,445.59,560,EDGA,ARCX,2,445.13,445.59,600,XPHL,ARCX,9,445.1,445.65,5,ARCX,ARCX,3,445.09,445.66,8,ARCX,,,,,,
2025-12-08 10:04:19,XNMS,80,445.08,445.14,40,BATS,IEXG,40.0,445.08,445.18,40,XNMS,ARCX,50,445.07,445.19,40,EDGX,EDGA,40,445.06,445.19,40,IEXG,BATS,160,445.05,445.36,7,ARCX,ARCX,457,445.04,445.37,6,ARCX,XPHL,40,445.03,445.43,9,ARCX,ARCX,4,445.0,445.5,9,ARCX,EDGX,400,445.0,445.55,2,ARCX,ARCX,2,444.98,445.57,11,ARCX,ARCX,2,444.96,445.59,102,ARCX
2025-12-08 10:04:27,XNMS,40,445.18,445.24,320,XNMS,ARCX,49.0,445.13,445.24,181,ARCX,ARCX,29,445.09,445.28,40,ARCX,EDGX,80,445.09,445.32,40,EDGX,ARCX,52,445.07,445.33,2,ARCX,IEXG,40,445.07,445.35,2,ARCX,ARCX,5,445.06,445.37,7,ARCX,ARCX,2,445.05,445.39,2,ARCX,ARCX,450,445.04,445.4,8,ARCX,ARCX,2,445.03,445.41,2,ARCX,ARCX,2,445.01,445.43,2,ARCX
2025-12-08 10:04:35,EDGX,80,445.29,445.37,179,ARCX,XNMS,40.0,445.23,445.37,40,XNMS,IEXG,80,445.22,445.39,80,BATS,ARCX,6,445.19,445.44,60,ARCX,ARCX ARCX,42 2,445.17 445.14,445.46 445.49,2 2,ARCX ARCX,ARCX,90,445.13,445.50,3,ARCX,ARCX,3,445.11,445.5,3000,EDGX,ARCX,29,445.1,445.5,40,BATY,ARCX,2,445.08,445.51,2,ARCX,ARCX,50,445.07,445.52,7,ARCX,,,,,,
2025-12-08 10:04:55,XNMS,120,445.32,445.41,160,ARCX,EDGX,40.0,445.27,445.41,240,EDGX,ARCX,8,445.19,445.41,320,BATS,IEXG,80,445.18,445.44,40,XNMS,ARCX ARCX,2 2,445.17 445.14,445.49 445.50,2 40,ARCX BATY,ARCX,90,445.13,445.51,2,ARCX,ARCX,2,445.12,445.53,2,ARCX,ARCX,1,445.11,445.55,2,ARCX,ARCX,47,445.1,445.57,2,ARCX,ARCX,40,445.09,445.58,8,ARCX,,,,,,
2025-12-08 10:05:02,EDGX,40,444.77,444.87,80,EDGX,BATS,40.0,444.77,444.87,87,ARCX,XNMS,80,444.77,444.87,40,XNMS,ARCX,47,444.76,444.88,13,ARCX,ARCX,44,444.65,444.88,40,IEXG,ARCX,2,444.60,444.90,240,BATS,ARCX,7,444.57,445.07,3,ARCX,ARCX,10,444.54,445.11,2,ARCX,ARCX,2,444.53,445.12,8,ARCX,ARCX,2,444.51,445.15,12,ARCX,ARCX,124,444.5,445.19,2,ARCX
2025-12-08 10:05:10,ARCX,6,444.8,444.87,80,ARCX,XNMS,40.0,444.77,444.87,200,XNMS,EDGX,80,444.77,444.87,200,BATS,ARCX,40,444.76,444.87,40,EDGX,IEXG ARCX,120 4,444.76 444.74,445.01 445.03,2 1,ARCX ARCX,ARCX,2,444.69,445.04,2,ARCX,ARCX,2,444.67,445.07,3,ARCX,ARCX,46,444.65,445.1,2,ARCX,ARCX,9,444.61,445.12,7,ARCX,ARCX,2,444.6,445.13,2,ARCX,,,,,,
2025-12-08 10:05:17,EDGX,120,444.22,444.28,125,ARCX,XNMS,40.0,444.22,444.28,120,XNMS,BATS,160,444.21,444.29,5,ARCX,ARCX,6,444.18,444.30,5,ARCX,ARCX ARCX,1 1,444.15 444.10,444.30 444.30,40 160,EDGX BATS,ARCX,10,444.07,444.34,5,ARCX,ARCX,10,444.05,444.35,5,ARCX,ARCX,5,444.04,444.42,400,ARCX,XASE,40,444.0,444.44,9,ARCX,ARCX,313,444.0,444.45,40,ARCX,,,,,,
2025-12-08 10:05:24,XNMS,40,444.03,444.07,87,ARCX,EDGX,360.0,444.01,444.07,80,XNMS,XASE,40,444.00,444.1,80,EDGX,ARCX,307,444.00,444.12,160,BATS,XNYS,80,444.00,444.13,7,ARCX,BATY,40,444.00,444.14,7,ARCX,EDGA,40,444.0,444.16,40,IEXG,BATS,440,444.0,444.32,40,ARCX,IEXG,80,444.0,444.38,9,ARCX,ARCX,1,443.98,444.4,200,XCME,ARCX,2,443.94,444.42,400,ARCX
2025-12-08 10:05:33,XNMS,120,443.96,444.02,190,ARCX,EDGX,1760.0,443.95,444.02,40,EDGX,ARCX,12,443.92,444.03,80,XNMS,ARCX,4,443.91,444.06,160,BATS,ARCX BATS,101 160,443.90 443.90,444.15 444.17,20 20,ARCX ARCX,IEXG,40,443.90,444.26,20,ARCX,ARCX,25,443.89,444.28,20,ARCX,ARCX,117,443.88,444.29,7,ARCX,ARCX,6,443.86,444.31,9,ARCX,ARCX,2,443.84,444.38,9,ARCX,,,,,,
2025-12-08 10:05:41,XNMS,40,444.38,444.48,100,ARCX,IEXG,40.0,444.35,444.48,80,XNMS,ARCX,2,444.21,444.48,80,EDGX,ARCX,9,444.19,444.64,7,ARCX,ARCX ARCX,2 2,444.17 444.13,444.73 444.80,9 9,ARCX ARCX,ARCX,9,444.12,444.80,200,XCME,ARCX,2,444.09,444.87,10,ARCX,ARCX,2,444.06,444.94,10,ARCX,ARCX,17,444.05,445.0,40,BATS,EDGX,120,444.05,445.01,9,ARCX,,,,,,
2025-12-08 10:05:49,XNMS,40,444.07,444.14,15,ARCX,BATS,40.0,444.06,444.15,3,ARCX,ARCX,13,444.04,444.16,40,EDGX,EDGX,40,444.03,444.16,13,ARCX,IEXG ARCX,40 2,444.03 444.02,444.16 444.16,280 80,XNMS BATS,ARCX,5,444.01,444.33,7,ARCX,ARCX,4,444.0,444.38,10,ARCX,ARCX,15,443.98,444.45,9,ARCX,ARCX,2,443.97,444.48,50,ARCX,ARCX,3,443.94,444.52,9,ARCX,,,,,,
2025-12-08 10:05:57,XNMS,40,444.39,444.45,7,ARCX,EDGX,80.0,444.37,444.48,130,ARCX,BATS,160,444.35,444.48,40,EDGX,ARCX,40,444.34,444.50,40,XNMS,ARCX ARCX,5 400,444.26 444.15,444.50 444.63,160 7,BATS ARCX,ARCX,9,444.12,444.73,9,ARCX,ARCX,40,444.11,444.8,9,ARCX,ARCX,10,444.05,444.8,200,XCME,ARCX,25,444.04,444.87,10,ARCX,ARCX,8,444.03,444.93,120,XNYS,,,,,,
2025-12-08 10:06:06,XNMS,120,444.08,444.16,40,XNMS,BATS,40.0,444.06,444.17,40,IEXG,ARCX,33,444.05,444.18,40,EDGX,EDGX,80,444.05,444.24,1,ARCX,EDGA,40,444.05,444.25,2,ARCX,IEXG,40,444.04,444.27,2,ARCX,ARCX,102,444.02,444.29,2,ARCX,ARCX,30,444.0,444.31,2,ARCX,ARCX,2,443.99,444.33,2,ARCX,ARCX,15,443.98,444.35,9,ARCX,ARCX,4,443.97,444.37,2,ARCX
2025-12-08 10:06:14,XNMS,40,444.07,444.13,40,XNMS,EDGX,80.0,444.03,444.13,80,ARCX,BATS,160,444.03,444.15,40,IEXG,ARCX,10,443.98,444.16,13,ARCX,ARCX ARCX,2 2,443.96 443.94,444.16 444.16,40 160,EDGX BATS,ARCX,2,443.92,444.18,40,ARCX,ARCX,7,443.91,444.2,8,ARCX,ARCX,103,443.9,444.24,3,ARCX,IEXG,160,443.9,444.26,2,ARCX,ARCX,200,443.89,444.28,5,ARCX,,,,,,
2025-12-08 10:06:21,BATS,280,443.96,444.0,84,ARCX,ARCX,11.0,443.96,444.0,80,XNMS,XNMS,40,443.95,444.05,120,EDGX,EDGX,80,443.93,444.07,200,IEXG,ARCX ARCX,11 101,443.91 443.90,444.08 444.14,40 40,BATS ARCX,IEXG,200,443.90,444.16,4,ARCX,ARCX,205,443.89,444.2,B,ARCX,ARCX,116,443.88,444.22,2,ARCX,ARCX,2,443.87,444.24,3,ARCX,ARCX,4,443.86,444.26,2,ARCX,,,,,,
2025-12-08 10:06:29,XNMS,240,444.1,444.16,86,ARCX,EDGX,40.0,444.02,444.16,160,EDGX,ARCX,180,443.98,444.16,120,XNMS,ARCX,17,443.91,444.21,17,ARCX,ARCX IEXG,101 160,443.90 443.90,444.23 444.23,5 160,ARCX BATS,BATS,40,443.90,444.24,5,ARCX,ARCX,207,443.89,444.31,2,ARCX,ARCX,123,443.88,444.33,2,ARCX,ARCX,3,443.87,444.35,2,ARCX,ARCX,4,443.88,444.37,9,ARCX,,,,,,
2025-12-08 10:06:35,XNMS,40,443.81,443.83,40,BATS,BATS,40.0,443.80,443.83,40,XNMS,ARCX,45,443.80,443.83,100,ARCX,EDGX,760,443.80,443.88,19,ARCX,ARCX,4,443.79,443.89,40,EDGX,ARCX,1,443.76,444.14,1,ARCX,ARCX,14,443.75,444.16,7,ARCX,ARCX,8,443.74,444.17,9,ARCX,ARCX,12,443.73,444.21,11,ARCX,ARCX,7,443.72,444.24,9,ARCX,ARCX,3,443.71,444.31,11,ARCX
2025-12-08 10:06:43,EDGX,40,444.08,444.18,80,ARCX,XNMS,80.0,444.08,444.18,40,EDGX,BATS,160,444.03,444.18,280,XNMS,ARCX,50,443.95,444.21,17,ARCX,ARCX ARCX,1 7,443.91 443.88,444.22 444.25,240 100,BATS ARCX,ARCX,11,443.84,444.27,6,ARCX,ARCX,8,443.82,444.31,2,ARCX,ARCX,35,443.8,444.33,2,ARCX,ARCX,6,443.79,444.35,2,ARCX,ARCX,12,443.77,444.37,10,ARCX,,,,,,
2025-12-08 10:06:50,XNMS,1040,444.11,444.21,120,XNMS,ARCX,169.0,444.08,444.25,40,EDGX,BATS,160,444.06,444.39,7,ARCX,EDGX,120,444.04,444.45,9,ARCX,ARCX ARCX,287 10,443.92 443.91,444.52 444.59,9 209,ARCX ARCX,ARCX,2,443.87,444.66,9,ARCX,ARCX,2,443.86,444.71,2,ARCX,ARCX,11,443.84,444.73,9,ARCX,ARCX,8,443.82,444.74,2,ARCX,ARCX,35,443.8,444.76,120,XNYS,,,,,,
2025-12-08 10:06:57,XNMS,280,444.38,444.47,40,XNMS,EDGX,80.0,444.33,444.47,80,ARCX,ARCX,160,444.32,444.47,40,IEXG,ARCX,1,444.25,444.55,160,BATS,ARCX,1,444.21,444.55,120,EDGX,ARCX,9,444.19,444.66,7,ARCX,ARCX,80,444.16,444.71,2,ARCX,ARCX,16,444.12,444.73,9,ARCX,IEXG,160,444.11,444.74,2,ARCX,ARCX,9,444.05,444.77,14,ARCX,ARCX,9,444.02,444.8,11,ARCX
2025-12-08 10:07:03,ARCX,198,444.32,444.36,320,ARCX,BATS,280.0,444.29,444.36,40,EDGX,XNMS,80,444.29,444.36,40,XNMS,EDGX,40,444.27,444.37,80,BATS,ARCX ARCX,1 2,444.25 444.23,444.45 444.47,2 2,ARCX ARCX,ARCX,2,444.21,444.49,18,ARCX,ARCX,2,444.18,444.51,2,ARCX,ARCX,80,444.16,444.53,2,ARCX,ARCX,2,444.15,444.55,2,ARCX,XNYS,80,444.14,444.57,2,ARCX,,,,,,
2025-12-08 10:07:10,ARCX,20,444.5,444.57,120,XNMS,EDGX,40.0,444.47,444.62,40,EDGX,XNMS,80,444.47,444.62,160,BATS,ARCX,1,444.34,444.68,5,ARCX,ARCX BATS,2 40,444.33 444.32,444.77 444.78,12 7,ARCX ARCX,ARCX,1,444.31,444.87,9,ARCX,ARCX,2,444.3,444.88,2250,ARCX,ARCX,23,444.29,444.92,6,ARCX,ARCX,160,444.28,444.93,2,ARCX,ARCX,2,444.27,444.94,10,ARCX,,,,,,
2025-12-08 10:07:16,XNMS,40,444.28,444.33,40,EDGX,BATS,40.0,444.26,444.33,80,XNMS,ARCX,51,444.25,444.54,40,IEXG,IEXG,40,444.24,444.56,5,ARCX,ARCX EDGX,2 80,444.22 444.20,444.58 444.59,7 9,ARCX ARCX,ARCX,2,444.19,444.66,9,ARCX,ARCX,160,444.18,444.68,5,ARCX,ARCX,2,444.17,444.73,10,ARCX,ARCX,80,444.16,444.77,12,ARCX,ARCX,2,444.15,444.8,10,ARCX,,,,,,
2025-12-08 10:07:22,XNMS,360,444.59,444.69,40,EDGX,BATS,160.0,444.50,444.69,40,BATS,EDGX,40,444.50,444.69,40,IEXG,IEXG,40,444.49,444.69,120,XNMS,ARCX,2,444.44,444.76,21,ARCX,ARCX,1,444.43,444.77,12,ARCX,ARCX,2,444.41,444.84,7,ARCX,ARCX,160,444.39,444.87,9,ARCX,ARCX,9,444.38,444.88,2250,ARCX,ARCX,2,444.35,444.92,6,ARCX,ARCX,12,444.33,444.93,2,ARCX
2025-12-08 10:07:29,BATS,40,444.61,444.67,480,BATS,XNMS,40.0,444.61,444.71,120,XNMS,EDGX,40,444.59,444.72,40,IEXG,ARCX,2,444.48,444.75,40,EDGX,ARCX ARCX,5 2,444.47 444.46,444.77 444.84,12 1,ARCX ARCX,ARCX,2,444.44,444.86,7,ARCX,ARCX,1,444.43,444.92,6,ARCX,ARCX,2,444.41,444.93,2,ARCX,ARCX,10,444.4,444.94,10,ARCX,ARCX,160,444.39,444.98,2,ARCX,,,,,,
2025-12-08 10:07:37,XNMS,120,444.82,444.89,40,XNMS,EDGX,80.0,444.81,444.91,40,EDGX,ARCX,160,444.67,444.98,160,BATS,ARCX,5,444.66,445.00,118,ARCX,ARCX ARCX,2 10,444.63 444.61,445.01 445.03,1 6,ARCX ARCX,ARCX,78,444.60,445.07,7,ARCX,IEXG,280,444.6,445.15,9,ARCX,ARCX,9,444.59,445.2,200,XCME,ARCX,2,444.57,445.22,12,ARCX,ARCX,7,444.56,445.29,9,ARCX,,,,,,
2025-12-08 10:07:44,XNMS,40,444.98,445.07,60,ARCX,BATS,160.0,444.98,445.07,40,XNMS,EDGX,80,444.95,445.07,40,EDGX,ARCX,60,444.94,445.16,2,ARCX,ARCX IEXG,6 80,444.93 444.93,445.18 445.20,2 2,ARCX ARCX,ARCX,2,444.81,445.22,4,ARCX,ARCX,90,444.8,445.22,40,BATS,ARCX,5,444.78,445.24,9,ARCX,ARCX,11,444.75,445.26,2,ARCX,ARCX,2,444.72,445.3,40,ARCX,,,,,,
2025-12-08 10:07:51,EDGX,40,445.17,445.23,360,EDGX,XNMS,200.0,445.17,445.26,40,XNMS,BATS,160,445.11,445.3,40,ARCX,IEXG,80,445.09,445.33,3,ARCX,ARCX ARCX,"1 1,002",445.04 445.01,445.33 445.42,200 7,BATS ARCX,ARCX,2,444.99,445.45,5,ARCX,ARCX,11,444.96,445.5,169,ARCX,ARCX,60,444.94,445.5,40,BATY,ARCX,8,444.93,445.52,179,ARCX,ARCX,160,444.92,445.53,2,ARCX,,,,,,
2025-12-08 10:07:59,XNMS,40,445.13,445.18,80,ARCX,EDGX,40.0,445.11,445.18,120,XNMS,ARCX,30,445.07,445.19,40,EDGX,XPHL,40,445.07,445.27,8,ARCX,BATS IEXG,40 40,445.07 445.02,445.28 445.30,1 40,ARCX ARCX,ARCX,5,445.01,445.33,3,ARCX,ARCX,2,444.99,445.39,7,ARCX,ARCX,2,444.96,445.45,5,ARCX,ARCX,60,444.94,445.48,2,ARCX,ARCX,8,444.93,445.5,171,ARCX,,,,,,
2025-12-08 10:08:07,XNMS,40,445.11,445.14,160,XNMS,IEXG,40.0,445.10,445.14,140,ARCX,ARCX,21,445.10,445.19,40,EDGX,BATS,200,445.09,445.22,2,ARCX,EDGX ARCX,40 9,445.08 445.07,445.24 445.25,2 B,ARCX ARCX,ARCX,2,445.02,445.25,240,BATS,ARCX,5,445.01,445.26,110,ARCX,ARCX,3,445.0,445.27,70,ARCX,ARCX,2,444.98,445.28,8,ARCX,ARCX,2,444.96,445.3,42,ARCX,,,,,,
2025-12-08 10:08:15,EDGX,120,445.0,445.04,125,ARCX,BATS,40.0,444.99,445.04,120,XNMS,XNMS,40,444.98,445.07,40,IEXG,IEXG,4D,444.96,445.07,80,EDGX,ARCX,66,444.94,445.10,6,ARCX,ARCX,6,444.93,445.10,160,BATS,ARCX,162,444.92,445.2,2,ARCX,ARCX,7,444.91,445.22,2,ARCX,ARCX,50,444.9,445.25,2,ARCX,ARCX,2,444.89,445.26,116,ARCX,EDGA,40,444.89,445.27,71,ARCX
2025-12-08 10:08:23,EDGX,40,444.95,445.02,40,EDGX,XNMS,80.0,444.94,445.02,120,XNMS,ARCX,8,444.92,445.04,40,BATY,ARCX,1,444.91,445.06,360,BATS,IEXG ARCX,16D 5D,444.91 444.90,445.11 445.21,1 2,ARCX ARCX,BATS,40,444.89,445.22,7,ARCX,ARCX,1,444.88,445.23,2,ARCX,ARCX,1,444.87,445.25,2,ARCX,ARCX,2,444.85,445.26,108,ARCX,ARCX,3,444.83,445.27,71,ARCX,,,,,,
2025-12-08 10:08:31,XNMS,40,445.19,445.25,120,BATS,ARCX,21.0,445.18,445.25,80,ARCX,EDGX,40,445.17,445.25,40,EDGX,ARCX,6,445.16,445.25,40,XNMS,ARCX,6,445.15,445.26,108,ARCX,BATS,16D,445.15,445.27,70,ARCX,ARCX,6,445.14,445.28,6,ARCX,ARCX,6,445.13,445.3,41,ARCX,ARCX,300,445.11,445.32,2,ARCX,ARCX,2,445.05,445.33,3,ARCX,ARCX,2,445.03,445.33,40,XASE
2025-12-08 10:08:39,XNMS,80,445.18,445.22,80,XNMS,IEXG,40.0,445.17,445.27,13,ARCX,EDGX,80,445.13,445.28,6,ARCX,BATS,16D,445.12,445.28,360,EDGX,ARCX,4,444.99,445.30,43,ARCX,ARCX,2,444.97,445.30,160,BATS,ARCX,9,444.96,445.32,3,ARCX,ARCX,7,444.95,445.33,3,ARCX,ARCX,2,444.93,445.34,2,ARCX,ARCX,8,444.91,445.35,6,ARCX,ARCX,53,444.9,445.36,2,ARCX
2025-12-08 10:08:46,ARCX,43,445.31,445.39,80,ARCX,BATS,40.0,445.31,445.39,40,XNMS,XNMS,160,445.31,445.43,240,BATS,EDGX,120,445.31,445.44,40,EDGA,IEXG ARCX,80 5,445.25 445.15,445.45 445.47,5 520,ARCX EDGX,ARCX,5D,445.13,445.52,179,ARCX,ARCX,9,445.1,445.53,2,ARCX,ARCX,5,445.07,445.56,7,ARCX,ARCX,4,445.06,445.59,100,ARCX,ARCX,14,445.03,445.64,9,ARCX,,,,,,
2025-12-08 10:08:54,BATS,40,445.43,445.49,2,ARCX,EDGX,40.0,445.40,445.51,40,XNMS,XNMS,40,445.40,445.52,40,XNYS,IEXG,12D,445.36,445.53,40,EDGX,ARCX ARCX,2 2,445.30 445.27,445.57 445.59,160 100,BATS ARCX,ARCX,2,445.24,445.60,2,ARCX,ARCX,5,445.23,445.62,2,ARCX,ARCX,2,445.22,445.63,40,XPHL,ARCX,5,445.21,445.64,2,ARCX,ARCX,2,445.2,445.66,9,ARCX,,,,,,
2025-12-08 10:09:03,XNMS,40,445.48,445.53,120,BATS,BATS,40.0,445.46,445.54,80,EDGX,EDGX,40,445.42,445.54,40,XNMS,ARCX,1,445.37,445.59,100,ARCX,ARCX,2,445.32,445.70,7,ARCX,ARCX,2,445.29,445.74,3,ARCX,ARCX,7,445.26,445.78,14,ARCX,ARCX,10,445.24,445.8,100,ARCX,IEXG,200,445.24,445.83,180,ARCX,ARCX,2,445.23,445.85,109,ARCX,ARCX,5,445.21,445.85,80,BATY
2025-12-08 10:09:11,XNMS,80,445.31,445.37,40,XNMS,IEXG,120.0,445.30,445.4,80,EDGX,ARCX,11,445.29,445.53,40,BATS,BATS,16D,445.28,445.54,25,ARCX,EDGX ARCX,40 5,445.27 445.26,445.59 445.60,107 97,ARCX ARCX,ARCX,5,445.24,445.64,9,ARCX,ARCX,7,445.21,445.71,10,ARCX,ARCX,2,445.19,445.74,3,ARCX,ARCX,33,445.17,445.78,14,ARCX,ARCX,5,445.15,445.8,100,ARCX,,,,,,
2025-12-08 10:09:20,IEXG,40,445.21,445.3,124,ARCX,EDGX,40.0,445.21,445.3,40,XNMS,XNMS,80,445.21,445.37,40,EDGX,ARCX,5,445.18,445.38,160,BATS,ARCX,1,445.14,445.40,3,ARCX,ARCX,4,445.06,445.40,40,EDGA,ARCX,14,445.03,445.5,7,ARCX,ARCX,7,445.02,445.54,25,ARCX,ARCX,12,445.01,445.57,10,ARCX,ARCX,14,445.0,445.58,2,ARCX,ARCX,2,444.99,445.59,100,ARCX
2025-12-08 10:09:27,ARCX,5,445.14,445.21,184,ARCX,IEXG,200.0,445.13,445.21,160,XNMS,BATS,160,445.13,445.23,40,ARCX,ARCX,1,445.10,445.30,40,EDGX,XNMS,80,445.10,445.40,3,ARCX,EDGX,40,445.10,445.44,7,ARCX,ARCX,8,445.09,445.45,40,BATS,EDGA,40,445.07,445.5,9,ARCX,ARCX,4,445.06,445.54,25,ARCX,ARCX,5,445.03,445.57,10,ARCX,ARCX,12,445.01,445.58,2,ARCX
2025-12-08 10:09:35,XNMS,80,444.96,445.05,57,ARCX,IEXG,40.0,444.95,445.05,40,XNMS,EDGX,40,444.94,445.06,40,ARCX,ARCX,51,444.90,445.08,120,EDGX,BATS ARCX,16D 1,444.90 444.88,445.09 445.27,409 8,ARCX ARCX,ARCX,1,444.87,445.28,200,ARCX,ARCX,2,444.86,445.36,10,ARCX,ARCX,2,444.84,445.36,40,BATS,ARCX,5,444.82,445.4,3,ARCX,ARCX,2,444.8,445.43,9,ARCX,,,,,,
2025-12-08 10:09:43,EDGX,40,445.03,445.12,124,ARCX,IEXG,40.0,445.02,445.12,120,XNMS,XNMS,40,445.01,445.13,10,ARCX,ARCX,52,444.90,445.13,40,EDGX,ARCX ARCX,3 1,444.88 444.87,445.19 445.30,160 7,BATS ARCX,ARCX,7,444.86,445.36,10,ARCX,ARCX,7,444.84,445.4,4,ARCX,ARCX,16,444.82,445.43,9,ARCX,ARCX,9,444.8,445.49,120,ARCX,ARCX,2,444.78,445.5,9,ARCX,,,,,,
2025-12-08 10:09:51,XNMS,80,445.22,445.28,40,XNMS,BATS,160.0,445.17,445.28,200,ARCX,EDGX,80,445.17,445.28,40,EDGX,ARCX,11,445.16,445.32,160,BATS,IEXG,4D,444.98,445.40,4,ARCX,ARCX,10,444.96,445.42,40,EDGA,ARCX,7,444.95,445.42,480,XPHL,ARCX,52,444.9,445.45,7,ARCX,ARCX,9,444.89,445.49,120,ARCX,ARCX,3,444.88,445.5,9,ARCX,ARCX,1,444.87,445.54,25,ARCX
2025-12-08 10:09:59,EDGX,40,445.17,445.21,140,ARCX,IEXG,80.0,445.16,445.21,40,XNMS,XNMS,160,445.15,445.3,40,EDGX,ARCX,4D,445.07,445.40,4,ARCX,BATS ARCX,80 1,445.06 445.01,445.40 445.43,40 7,BATS ARCX,ARCX,2,445.00,445.44,5,ARCX,ARCX,9,444.96,445.49,120,ARCX,ARCX,9,444.93,445.5,9,ARCX,ARCX,53,444.9,445.54,25,ARCX,ARCX,9,444.89,445.57,10,ARCX,,,,,,
2025-12-08 10:10:06,XNMS,40,445.36,445.42,80,ARCX,EDGX,40.0,445.32,445.43,80,EDGX,BATS,160,445.32,445.43,120,XNMS,IEXG,40,445.24,445.44,80,ARCX,ARCX ARCX,2 2,445.22 445.21,445.49 445.50,120 160,ARCX BATS,ARCX,2D,445.20,445.50,42,ARCX,ARCX,2,445.19,445.52,2,ARCX,ARCX,2,445.16,445.54,27,ARCX,ARCX,2,445.13,445.59,100,ARCX,ARCX,11,445.1,445.6,3,ARCX,,,,,,
2025-12-08 10:10:14,EDGX,40,444.97,445.05,86,ARCX,ARCX,206.0,444.97,445.05,200,XNMS,XNMS,80,444.97,445.09,11,ARCX,BATS,160,444.96,445.09,160,BATS,ARCX,8,444.93,445.09,40,EDGX,ARCX,53,444.90,445.13,2,ARCX,ARCX,1,444.88,445.14,2,ARCX,ARCX,1,444.87,445.2,2,ARCX,ARCX,5,444.86,445.23,2,ARCX,ARCX,5,444.84,445.26,2,ARCX,ARCX,2,444.82,445.29,12,ARCX
2025-12-08 10:10:21,XNMS,40,445.07,445.16,85,ARCX,IEXG,40.0,445.05,445.16,40,XNMS,BATS,160,445.03,445.2,40,EDGX,EDGX,40,445.03,445.26,2,ARCX,ARCX ARCX,7 2,445.00 444.93,445.28 445.28,2 120,ARCX BATS,ARCX,54,444.90,445.30,2,ARCX,ARCX,16,444.89,445.32,2,ARCX,ARCX,1,444.88,445.34,7,ARCX,ARCX,1,444.87,445.35,2,ARCX,ARCX,5,444.86,445.38,2,ARCX,,,,,,
2025-12-08 10:10:30,IEXG,80,444.89,444.96,40,XNMS,XNMS,40.0,444.89,445.0,200,BATS,EDGX,80,444.88,445.0,80,EDGX,ARCX,6,444.87,445.09,2,ARCX,BATS,160,444.87,445.12,2,ARCX,ARCX,5,444.86,445.14,2,ARCX,ARCX,5,444.84,445.16,2,ARCX,ARCX,2,444.82,445.18,2,ARCX,ARCX,5,444.81,445.2,2,ARCX,ARCX,2,444.75,445.21,8,ARCX,ARCX,1,444.71,445.22,9,ARCX
2025-12-08 10:10:38,XNMS,40,444.9,444.95,87,ARCX,EDGX,80.0,444.88,444.95,160,XNMS,BATS,160,444.87,444.99,21,ARCX,IEXG,280,444.83,444.99,80,EDGX,ARCX ARCX,7 5,444.82 444.81,445.00 445.03,340 6,ARCX ARCX,ARCX,5,444.77,445.04,2,ARCX,ARCX,2,444.75,445.05,240,BATS,ARCX,3,444.71,445.06,2,ARCX,ARCX,1,444.69,445.08,2,ARCX,XPHL,4D,444.69,445.11,2,ARCX,,,,,,
2025-12-08 10:10:45,EDGX,80,445.27,445.36,80,ARCX,XNMS,40.0,445.27,445.36,40,XNMS,BATS,80,445.11,445.38,80,BATS,ARCX,40,445.09,445.39,120,EDGX,ARCX ARCX,9 9,445.03 444.96,445.49 445.50,120 40,ARCX ARCX,ARCX,7,444.91,445.51,1,ARCX,ARCX,10,444.89,445.54,25,ARCX,ARCX,3,444.83,445.55,7,ARCX,ARCX,11,444.82,445.57,9,ARCX,IEXG,240,444.82,445.6,101,ARCX,,,,,,
2025-12-08 10:10:53,EDGX,40,445.28,445.35,80,EDGX,BATS,40.0,445.28,445.35,40,XNMS,XNMS,40,445.28,445.49,120,ARCX,IEXG,80,445.25,445.50,40,ARCX,ARCX,40,445.09,445.50,200,BATS,ARCX,9,445.03,445.51,1,ARCX,ARCX,7,445.02,445.53,7,ARCX,ARCX,9,444.96,445.54,25,ARCX,ARCX,1,444.95,445.57,9,ARCX,ARCX,10,444.89,445.6,101,ARCX,ARCX,3,444.83,445.63,1,ARCX
2025-12-08 10:11:01,EDGX,40,445.15,445.23,80,XNMS,XNMS,120.0,445.14,445.23,80,ARCX,BATS,160,445.11,445.24,120,EDGX,IEXG,40,445.11,445.42,7,ARCX,ARCX ARCX,47 2,445.09 445.05,445.49 445.50,125 49,ARCX ARCX,ARCX,2,445.03,445.50,240,BATS,ARCX,2,445.01,445.51,1,ARCX,ARCX,2,444.99,445.54,25,ARCX,ARCX,2,444.97,445.55,2,ARCX,ARCX,9,444.96,445.57,11,ARCX,,,,,,
2025-12-08 10:11:09,XNMS,80,445.16,445.23,86,ARCX,ARCX,46.0,445.14,445.23,120,XNMS,EDGX,80,445.12,445.23,40,IEXG,IEXG,80,445.12,445.24,40,EDGX,ARCX ARCX,46 2,445.09 445.05,445.28 445.30,120 46,BATS ARCX,ARCX,2,445.03,445.31,2,ARCX,ARCX,2,445.01,445.33,2,ARCX,ARCX,5,445.0,445.35,2,ARCX,BATS,160,445.0,445.37,2,ARCX,ARCX,2,444.99,445.39,6,ARCX,,,,,,
2025-12-08 10:11:16,XNMS,40,445.2,445.3,80,XNMS,BATS,160.0,445.18,445.3,161,ARCX,EDGX,120,445.17,445.3,40,IEXG,IEXG,40,445.17,445.32,8,ARCX,ARCX,8,445.15,445.33,280,EDGX,ARCX,2,445.10,445.38,160,BATS,ARCX,40,445.09,445.39,6,ARCX,ARCX,2,445.08,445.41,2,ARCX,ARCX,2,445.07,445.43,2,ARCX,ARCX,2,445.05,445.46,7,ARCX,ARCX,2,445.03,445.49,125,ARCX
2025-12-08 10:11:25,BATS,40,445.17,445.23,40,XNMS,XNMS,200.0,445.17,445.23,80,ARCX,IEXG,200,445.16,445.26,40,EDGX,ARCX,8,445.15,445.27,160,BATS,EDGX ARCX,4D 42,445.12 445.09,445.28 445.39,60 4,ARCX ARCX,ARCX,2,445.08,445.40,2,ARCX,ARCX,2,445.07,445.42,2,ARCX,ARCX,2,445.05,445.44,2,ARCX,ARCX,2,445.03,445.45,10,ARCX,ARCX,2,445.01,445.46,2,ARCX,,,,,,
2025-12-08 10:11:33,ARCX,209,444.8,444.86,80,EDGX,XNMS,40.0,444.80,444.88,80,XNMS,EDGX,80,444.80,444.89,40,IEXG,BATS,160,444.74,444.94,47,ARCX,ARCX,1,444.71,445.15,10,ARCX,ARCX,1,444.69,445.20,200,XCME,ARCX,1,444.68,445.21,7,ARCX,ARCX,1,444.62,445.22,9,ARCX,ARCX,10,444.61,445.29,10,ARCX,ARCX,2,444.6,445.3,160,BATS,ARCX,8,444.59,445.34,2,ARCX
2025-12-08 10:11:40,BATS,680,444.64,444.69,170,ARCX,EDGX,40.0,444.64,444.69,40,XNMS,ARCX,11,444.62,444.71,200,EDGX,ARCX,2,444.61,444.74,66,ARCX,ARCX,2,444.60,444.74,40,BATS,XNMS,200,444.60,444.79,40,ARCX,ARCX,8D,444.57,444.85,248,ARCX,ARCX,40,444.55,444.88,5,ARCX,ARCX,48,444.5,444.89,3,ARCX,ARCX,9,444.47,445.0,7,ARCX,ARCX,3,444.46,445.01,9,ARCX
2025-12-08 10:11:48,XNMS,80,444.59,444.66,87,ARCX,ARCX,11.0,444.57,444.66,40,XNMS,EDGX,40,444.57,444.67,40,EDGX,IEXG,40,444.56,444.71,160,BATS,ARCX,48,444.50,444.73,10,ARCX,BATS,16D,444.50,444.78,40,ARCX,ARCX,3,444.46,444.79,40,ARCX,ARCX,2,444.45,444.8,80,ARCX,ARCX,2,444.43,444.85,208,ARCX,ARCX,2,444.41,444.88,5,ARCX,ARCX,9,444.4,444.89,10,ARCX
2025-12-08 10:11:56,XNMS,40,444.41,444.49,145,ARCX,IEXG,80.0,444.38,444.49,80,XNMS,EDGX,80,444.36,444.5,46,ARCX,ARCX,6,444.35,444.52,40,IEXG,BATS,200,444.32,444.57,80,EDGX,ARCX,5,444.31,444.70,B,ARCX,ARCX,9,444.29,444.71,1,ARCX,ARCX,3,444.27,444.73,12,ARCX,ARCX,53,444.25,444.8,90,ARCX,ARCX,2,444.23,444.8,200,XCME,ARCX,2,444.22,444.85,5,ARCX
2025-12-08 10:12:15,EDGX,240,444.37,444.42,80,XNMS,XNMS,40.0,444.35,444.42,80,ARCX,ARCX,10,444.31,444.45,40,XNYS,IEXG,160,444.31,444.45,75,ARCX,ARCX ARCX,9 3,444.29 444.27,444.45 444.46,160 80,BATS EDGX,ARCX,53,444.25,444.52,48,ARCX,ARCX,2,444.23,444.63,7,ARCX,ARCX,2,444.22,444.66,9,ARCX,ARCX,3,444.21,444.71,101,ARCX,ARCX,100,444.2,444.73,12,ARCX,,,,,,
2025-12-08 10:12:22,ARCX,7,443.92,443.96,86,ARCX,ARCX,11.0,443.90,443.96,200,XNMS,EDGX,400,443.90,443.99,120,EDGX,BATS,80,443.90,444.02,160,BATS,XNMS,520,443.90,444.17,40,ARCX,ARCX,2,443.89,444.22,40,ARCX,ARCX,1,443.86,444.29,9,ARCX,ARCX,2,443.84,444.35,10,ARCX,ARCX,8,443.82,444.39,7,ARCX,ARCX,2,443.81,444.4,200,XCME,ARCX,52,443.8,444.41,9,ARCX
2025-12-08 10:12:30,XNMS,80,444.06,444.11,46,ARCX,IEXG,40.0,444.03,444.11,40,XNMS,EDGX,40,444.01,444.12,6,ARCX,BATS,200,444.00,444.13,6,ARCX,ARCX ARCX,21 15,443.99 443.98,444.17 444.17,240 40,EDGX IEXG,ARCX,1,443.97,444.22,40,ARCX,ARCX,10,443.95,444.34,7,ARCX,ARCX,75,443.9,444.4,200,XCME,ARCX,2,443.89,444.41,9,ARCX,ARCX,1,443.86,444.43,100,ARCX,,,,,,
2025-12-08 10:12:37,XNMS,80,444.24,444.32,80,XNMS,EDGX,40.0,444.20,444.36,200,BATS,ARCX,13,444.19,444.38,120,XPHL,IEXG,40,444.17,444.42,120,EDGX,BATS ARCX,200 15,444.17 444.10,444.43 444.48,100 1,ARCX ARCX,ARCX,24,444.09,444.52,1,ARCX,ARCX,2,444.06,444.53,9,ARCX,ARCX,4,444.04,444.55,6,ARCX,ARCX,98,444.02,444.59,9,ARCX,ARCX,23,444.01,444.62,26,ARCX,,,,,,
2025-12-08 10:12:45,XNMS,40,444.36,444.4,120,XNMS,EDGX,40.0,444.36,444.4,80,BATS,IEXG,40,444.34,444.4,80,ARCX,ARCX,6,444.27,444.49,2,ARCX,ARCX,2,444.25,444.50,80,EDGX,ARCX,2,444.23,444.51,2,ARCX,BATS,8D,444.21,444.53,2,ARCX,ARCX,2,444.2,444.55,2,ARCX,ARCX,2,444.18,444.57,2,ARCX,ARCX,2,444.16,444.59,2,ARCX,ARCX,2,444.14,444.61,9,ARCX
2025-12-08 10:12:53,ARCX,96,444.02,444.05,80,XNMS,XNMS,40.0,444.02,444.08,40,EDGX,ARCX,111,444.00,444.08,40,ARCX,EDGX,200,444.00,444.13,160,BATS,BATS,200,444.00,444.22,2,ARCX,ARCX,81,443.99,444.25,2,ARCX,ARCX,1,443.98,444.28,2,ARCX,ARCX,6,443.97,444.31,2,ARCX,ARCX,1,443.96,444.34,2,ARCX,ARCX,10,443.95,444.35,10,ARCX,ARCX,1,443.94,444.36,2,ARCX
2025-12-08 10:13:01,ARCX,36,443.83,443.88,40,EDGX,XNMS,40.0,443.83,443.89,120,XNMS,EDGX,40,443.83,443.9,87,ARCX,BATS,200,443.82,443.91,160,BATS,ARCX,6,443.80,444.04,1,ARCX,ARCX,11,443.79,444.14,2,ARCX,ARCX,2,443.76,444.17,11,ARCX,ARCX,16,443.75,444.19,8,ARCX,ARCX,9,443.74,444.2,2,ARCX,ARCX,10,443.73,444.23,11,ARCX,ARCX,8,443.72,444.25,2,ARCX
2025-12-08 10:13:09,EDGX,40,443.6,443.67,40,XNMS,XNMS,40.0,443.60,443.74,40,IEXG,BATS,160,443.49,443.78,500,ARCX,IEXG,40,443.45,443.82,9,ARCX,ARCX,13,443.44,443.85,2,ARCX,ARCX,10,443.43,443.87,10,ARCX,ARCX,2,443.42,443.88,9,ARCX,ARCX,10,443.4,443.91,2,ARCX,ARCX,9,443.39,443.93,9,ARCX,ARCX,1,443.34,443.94,2,ARCX,ARCX,12,443.33,443.98,2,ARCX
2025-12-08 10:13:17,XNMS,40,443.54,443.58,40,XNMS,ARCX,17.0,443.50,443.59,280,BATS,BATS,160,443.50,443.62,2,ARCX,EDGX,40,443.50,443.62,120,EDGX,ARCX ARCX,17 9,443.49 443.48,443.68 443.71,2 2,ARCX ARCX,IEXG,40,443.42,443.74,2,ARCX,ARCX,10,443.4,443.77,2,ARCX,ARCX,1,443.38,443.8,2,ARCX,ARCX,1,443.34,443.81,34,ARCX,ARCX,4,443.33,443.82,57,ARCX,,,,,,
2025-12-08 10:13:24,XNMS,240,443.43,443.48,160,ARCX,ARCX,8.0,443.39,443.49,40,XNMS,ARCX,9,443.38,443.5,160,EDGX,BATS,160,443.38,443.51,80,BATS,EDGX IEXG,40 40,443.38 443.36,443.60 443.62,507 2,ARCX ARCX,ARCX,1,443.34,443.64,2,ARCX,ARCX,4,443.33,443.66,40,XPHL,ARCX,10,443.32,443.67,2,ARCX,ARCX,32,443.3,443.68,6,ARCX,ARCX,1,443.28,443.69,2,ARCX,,,,,,
2025-12-08 10:13:32,XNMS,40,443.96,444.0,40,EDGX,EDGX,40.0,443.93,444.01,80,IEXG,ARCX,16,443.92,444.03,80,XNMS,ARCX,1,443.75,444.07,2,ARCX,ARCX ARCX,9 8D,443.69 443.66,444.09 444.11,B 2,ARCX ARCX,ARCX,9,443.63,444.13,2,ARCX,ARCX,69,443.62,444.15,2,ARCX,IEXG,40,443.61,444.17,9,ARCX,XCME,200,443.6,444.19,2,ARCX,ARCX,18,443.57,444.21,2,ARCX,,,,,,
2025-12-08 10:13:39,BATS,480,444.0,444.06,80,ARCX,IEXG,40.0,443.99,444.06,80,BATS,EDGX,80,443.99,444.06,200,XNMS,XNMS,40,443.98,444.10,120,EDGX,ARCX ARCX,22 10,443.97 443.92,444.20 444.21,720 20,ARCX ARCX,ARCX,8D,443.89,444.25,7,ARCX,ARCX,10,443.81,444.26,160,IEXG,ARCX,70,443.76,444.27,48,ARCX,ARCX,10,443.75,444.29,30,ARCX,ARCX,7,443.74,444.31,3,ARCX,,,,,,
2025-12-08 10:13:47,ARCX,2,443.57,443.58,40,XNMS,ARCX,22.0,443.54,443.61,160,IEXG,XNMS,80,443.53,443.61,40,BATS,EDGX,4D,443.51,443.64,40,EDGX,ARCX BATS,5 8D,443.50 443.50,443.71 443.89,60 60,ARCX ARCX,ARCX,7,443.46,443.91,60,ARCX,ARCX,10,443.4,443.93,10,ARCX,ARCX,12,443.39,443.95,60,ARCX,ARCX,41,443.38,443.97,7,ARCX,ARCX,2,443.36,443.99,9,ARCX,,,,,,
2025-12-08 10:13:54,XNMS,120,443.55,443.63,80,XNMS,IEXG,40.0,443.54,443.65,60,ARCX,EDGX,80,443.53,443.66,40,EDGX,BATS,16D,443.52,443.71,60,ARCX,ARCX ARCX,21 11,443.51 443.50,443.78 443.81,2 2,ARCX ARCX,ARCX,2,443.47,443.84,2,ARCX,ARCX,7,443.46,443.85,7,ARCX,ARCX,2,443.45,443.87,11,ARCX,ARCX,2,443.43,443.89,60,ARCX,ARCX,2,443.41,443.9,2,ARCX,,,,,,
2025-12-08 10:14:02,XNMS,80,443.62,443.71,140,ARCX,ARCX,85.0,443.61,443.71,160,XNMS,EDGX,120,443.60,443.73,40,ARCX,ARCX,10,443.58,443.79,80,EDGX,BATS ARCX,8D 2,443.58 443.57,443.80 443.82,2 2,ARCX ARCX,ARCX,1,443.56,443.84,2,ARCX,ARCX,1,443.54,443.86,2,ARCX,ARCX,2,443.53,443.88,2,ARCX,ARCX,2,443.51,443.89,60,ARCX,ARCX,105,443.5,443.9,9,ARCX,,,,,,
2025-12-08 10:14:10,ARCX,16,443.82,443.88,80,XNMS,ARCX,15.0,443.81,443.96,15,ARCX,ARCX,45,443.80,443.97,2,ARCX,EDGX,40,443.80,443.99,2,ARCX,XNMS,12D,443.77,444.00,120,EDGX,ARCX,2,443.68,444.01,2,ARCX,ARCX,2,443.65,444.03,27,ARCX,ARCX,2,443.62,444.05,2,ARCX,ARCX,1,443.61,444.06,7,ARCX,ARCX,2,443.59,444.07,2,ARCX,ARCX,9,443.57,444.09,2,ARCX
2025-12-08 10:14:17,XNMS,280,443.66,443.71,80,XNMS,IEXG,40.0,443.65,443.71,100,ARCX,EDGX,280,443.63,443.73,160,BATS,BATS,16D,443.62,443.73,40,EDGX,ARCX,5,443.61,443.75,40,IEXG,ARCX,2,443.59,443.77,1,ARCX,ARCX,2,443.57,443.8,2,ARCX,ARCX,2,443.56,443.82,2,ARCX,ARCX,2,443.55,443.83,4,ARCX,ARCX,2,443.53,443.84,2,ARCX,ARCX,3,443.51,443.86,2,ARCX
2025-12-08 10:14:25,XNMS,40,443.52,443.62,80,XNMS,ARCX,125.0,443.50,443.62,80,ARCX,EDGX,40,443.50,443.64,40,ARCX,BATS,40,443.50,443.64,40,IEXG,ARCX,109,443.45,443.65,160,BATS,ARCX,8,443.38,443.65,40,EDGX,ARCX,1,443.34,443.68,14,ARCX,ARCX,14,443.33,443.69,10,ARCX,ARCX,10,443.32,443.77,1,ARCX,ARCX,44,443.3,443.83,4,ARCX,ARCX,7,443.29,443.84,8,ARCX
2025-12-08 10:14:32,XNMS,40,443.89,443.95,80,XNMS,BATS,40.0,443.89,443.95,80,ARCX,IEXG,40,443.78,443.97,40,EDGX,EDGX,160,443.77,444.00,1,ARCX,ARCX,2,443.74,444.02,160,BATS,ARCX,2,443.71,444.02,2,ARCX,ARCX,2,443.68,444.03,25,ARCX,ARCX,2,443.65,444.04,2,ARCX,ARCX,9,443.63,444.06,2,ARCX,ARCX,2,443.62,444.08,2,ARCX,ARCX,2,443.59,444.13,13,ARCX
2025-12-08 10:14:39,EDGX,200,444.0,444.06,80,ARCX,XNMS,80.0,444.00,444.06,120,EDGX,ARCX,18,443.99,444.07,40,XNMS,BATS,80,443.97,444.13,5,ARCX,ARCX ARCX,7 7,443.93 443.90,444.15 444.20,1 200,ARCX XASE,ARCX,400,443.87,444.20,640,ARCX,ARCX,1,443.85,444.24,7,ARCX,ARCX,2,443.83,444.25,5,ARCX,ARCX,9,443.81,444.27,3,ARCX,ARCX,2,443.8,444.29,10,ARCX,,,,,,
2025-12-08 10:14:47,ARCX,50,444.1,444.13,40,XNMS,XNMS,40.0,444.10,444.16,40,BATS,EDGX,40,444.09,444.2,200,XASE,ARCX,3,444.03,444.20,608,ARCX,ARCX BATS,11 40,443.99 443.99,444.20 444.25,120 5,EDGX ARCX,ARCX,2,443.98,444.27,3,ARCX,ARCX,2,443.95,444.31,234,ARCX,ARCX,2,443.92,444.34,7,ARCX,ARCX,7,443.9,444.36,2,ARCX,ARCX,2,443.89,444.38,2,ARCX,,,,,,
2025-12-08 10:14:54,XNMS,120,443.88,443.95,40,EDGX,EDGX,80.0,443.82,443.95,150,ARCX,ARCX,12,443.79,443.95,40,XNMS,ARCX,2,443.77,444.05,2,ARCX,ARCX ARCX,2 2,443.75 443.73,444.08 444.10,2 4,ARCX ARCX,ARCX,1,443.72,444.12,2,ARCX,ARCX,2,443.71,444.14,11,ARCX,BATS,40,443.69,444.14,40,BATS,ARCX,2,443.68,444.15,42,ARCX,ARCX,2,443.66,444.17,9,ARCX,,,,,,
2025-12-08 10:15:02,XNMS,40,444.02,444.11,40,XNMS,IEXG,40.0,444.01,444.16,40,EDGX,ARCX,22,443.93,444.18,160,BATS,EDGX,40,443.93,444.20,200,XASE,ARCX ARCX,2 2,443.91 443.89,444.20 444.22,611 2,ARCX ARCX,ARCX,2,443.86,444.24,2,ARCX,ARCX,2,443.83,444.25,5,ARCX,ARCX,11,443.81,444.26,2,ARCX,ARCX,2,443.79,444.27,10,ARCX,ARCX,2,443.77,444.31,234,ARCX,,,,,,
2025-12-08 10:15:09,XNMS,120,444.11,444.23,80,ARCX,IEXG,40.0,444.10,444.23,40,XNMS,EDGX,40,444.10,444.25,80,EDGX,ARCX,11,444.06,444.35,2,ARCX,BATS ARCX,160 2,444.06 444.00,444.37 444.39,10 2,ARCX ARCX,ARCX,1,443.99,444.41,12,ARCX,ARCX,2,443.98,444.43,2,ARCX,ARCX,2,443.96,444.44,100,ARCX,ARCX,12,443.93,444.45,102,ARCX,ARCX,2,443.91,444.47,111,ARCX,,,,,,
2025-12-08 10:15:17,XNMS,120,444.08,444.18,80,XNMS,IEXG,40.0,444.07,444.19,40,IEXG,BATS,200,444.06,444.2,2,ARCX,ARCX,11,444.00,444.20,40,BATS,ARCX,20,443.96,444.21,40,EDGX,EDGX,16D,443.96,444.25,2,ARCX,ARCX,9,443.93,444.27,2,ARCX,ARCX,10,443.92,444.29,2,ARCX,ARCX,10,443.87,444.31,9,ARCX,ARCX,7,443.84,444.33,52,ARCX,ARCX,9,443.81,444.35,2,ARCX
2025-12-08 10:15:24,ARCX,10,444.34,444.4,240,XNMS,XNMS,80.0,444.34,444.42,40,EDGX,BATS,160,444.24,444.44,100,ARCX,EDGX,200,444.23,444.44,160,BATS,ARCX,10,444.05,444.45,100,ARCX,XCME,200,444.00,444.47,102,ARCX,ARCX,17,443.99,444.56,7,ARCX,ARCX,15,443.97,444.59,10,ARCX,ARCX,9,443.93,444.65,9,ARCX,ARCX,10,443.92,444.66,12,ARCX,ARCX,10,443.87,444.68,13,ARCX
2025-12-08 10:15:33,EDGX,40,444.3,444.41,80,XNMS,XNMS,40.0,444.30,444.42,40,EDGX,IEXG,40,444.27,444.48,40,XPHL,XASE,40,444.20,444.48,40,BATS,BATY,40,444.20,444.54,7,ARCX,ARCX,40,444.20,444.65,9,ARCX,XNYS,40,444.2,444.66,12,ARCX,EDGA,40,444.2,444.68,15,ARCX,XPHL,80,444.2,444.7,2,ARCX,BATS,200,444.2,444.71,9,ARCX,ARCX,2,444.18,444.72,2,ARCX
2025-12-08 10:15:40,XNMS,120,444.38,444.42,2120,XNMS,BATS,160.0,444.33,444.43,40,ARCX,EDGX,80,444.32,444.43,80,BATS,ARCX,41,444.20,444.50,80,EDGX,XASE XNYS,4D 40,444.20 444.20,444.56 444.65,7 9,ARCX ARCX,EDGA,40,444.20,444.66,12,ARCX,BATY,40,444.2,444.68,15,ARCX,IEXG,40,444.2,444.7,2,ARCX,ARCX,2,444.16,444.71,9,ARCX,ARCX,2,444.15,444.72,2,ARCX,,,,,,
2025-12-08 10:15:48,XNMS,40,444.29,444.37,120,ARCX,BATS,40.0,444.27,444.37,120,XNMS,ARCX,45,444.27,444.38,40,BATS,EDGX,12D,444.26,444.39,80,EDGX,ARCX,10,444.24,444.52,7,ARCX,ARCX,41,444.20,444.59,9,ARCX,XASE,40,444.2,444.65,9,ARCX,XNYS,40,444.2,444.66,12,ARCX,BATY,40,444.2,444.68,15,ARCX,EDGA,40,444.2,444.7,2,ARCX,IEXG,40,444.2,444.71,9,ARCX
2025-12-08 10:15:56,ARCX,8,444.27,444.4,40,XNMS,XNMS,80.0,444.27,444.4,280,BATS,XASE,40,444.20,444.4,91,ARCX,ARCX,41,444.20,444.41,40,EDGX,BATY,40,444.20,444.48,2,ARCX,EDGA,40,444.20,444.50,2,ARCX,EDGX,120,444.2,444.52,2,ARCX,IEXG,40,444.2,444.53,7,ARCX,BATS,240,444.2,444.54,2,ARCX,XNYS,40,444.2,444.56,2,ARCX,ARCX,9,444.15,444.58,2,ARCX
2025-12-08 10:16:03,XNMS,40,444.41,444.47,80,XNMS,IEXG,40.0,444.38,444.49,40,IEXG,EDGX,40,444.37,444.5,240,EDGX,ARCX,14,444.35,444.54,2,ARCX,ARCX ARCX,1 200,444.34 444.33,444.56 444.58,2 2,ARCX ARCX,ARCX,23,444.32,444.58,40,BATS,ARCX,2,444.31,444.6,2,ARCX,ARCX,2,444.29,444.62,2,ARCX,ARCX,40,444.28,444.64,2,ARCX,ARCX,5,444.27,444.65,7,ARCX,,,,,,
2025-12-08 10:16:10,EDGX,40,444.53,444.58,40,BATS,XNMS,40.0,444.53,444.58,120,XNMS,BATS,160,444.49,444.6,5,ARCX,ARCX,44,444.48,444.60,80,EDGX,ARCX,3,444.40,444.66,14,ARCX,JEXG,8D,444.39,444.66,280,EDGA,ARCX,40,444.38,444.66,360,XPHL,EDGA,40,444.38,444.68,15,ARCX,XASE,40,444.38,444.7,2,ARCX,XNYS,40,444.38,444.72,2,ARCX,BATY,40,444.38,444.73,7,ARCX
2025-12-08 10:16:17,XNMS,80,444.55,444.65,80,XNMS,EDGX,40.0,444.52,444.66,40,BATS,EDGA,120,444.51,444.67,80,EDGX,ARCX,13,444.50,444.70,100,ARCX,BATS ARCX,16D 4,444.50 444.48,444.72 444.76,16 2,ARCX ARCX,ARCX,2,444.47,444.81,7,ARCX,ARCX,3,444.4,444.86,1,ARCX,IEXG,80,444.39,444.88,5,ARCX,ARCX,40,444.38,444.89,12,ARCX,XASE,4D,444.38,444.93,1,ARCX,,,,,,
2025-12-08 10:16:24,XNMS,160,444.8,444.86,3,ARCX,BATS,160.0,444.77,444.88,5,ARCX,IEXG,40,444.77,444.88,200,EDGX,EDGX,40,444.77,444.88,40,XNMS,ARCX,3,444.64,444.89,3,ARCX,ARCX,5D,444.63,444.93,1,ARCX,ARCX,4,444.61,444.96,2,ARCX,ARCX,10,444.53,444.38,3,ARCX,ARCX,13,444.5,445.0,286,ARCX,ARCX,4,444.48,445.0,400,BATS,ARCX,11,444.47,445.0,40,XNYS
2025-12-08 10:16:32,XNMS,80,444.65,444.75,240,EDGX,IEXG,40.0,444.63,444.75,120,XNMS,BATS,160,444.62,444.8,6,ARCX,EDGX,12D,444.58,444.88,5,ARCX,ARCX ARCX,9 10,444.47 444.41,444.89 444.92,10 40,ARCX BATS,ARCX,7,444.39,444.93,1,ARCX,ARCX,2,444.37,444.94,2,ARCX,ARCX,12,444.35,444.95,2,ARCX,XCIS,40,444.34,444.96,12,ARCX,ARCX,1,444.34,444.98,3,ARCX,,,,,,
2025-12-08 10:16:41,XNMS,120,444.41,444.5,40,XNMS,EDGX,160.0,444.40,444.51,44,ARCX,IEXG,80,444.39,444.54,200,BATS,BATS,200,444.39,444.55,40,EDGX,XCIS,4D,444.34,444.56,4,ARCX,ARCX,1,444.34,444.57,10,ARCX,ARCX,4,444.33,444.6,10,ARCX,ARCX,5,444.32,444.63,100,ARCX,ARCX,2,444.31,444.66,2,ARCX,ARCX,2,444.29,444.69,2,ARCX,ARCX,42,444.28,444.72,2,ARCX
2025-12-08 10:16:48,XNMS,40,444.29,444.36,200,BATS,ARCX,14.0,444.29,444.37,40,XNMS,IEXG,160,444.28,444.37,103,ARCX,ARCX,8,444.27,444.40,23,ARCX,EDGX,12D,444.26,444.40,120,EDGX,ARCX,2,444.21,444.48,2,ARCX,ARCX,1,444.2,444.51,2,ARCX,ARCX,2,444.19,444.52,2,ARCX,ARCX,2,444.17,444.54,2,ARCX,ARCX,9,444.15,444.57,2,ARCX,ARCX,1,444.13,444.59,7,ARCX
2025-12-08 10:16:55,ARCX,106,444.18,444.25,80,XNMS,XNMS,40.0,444.17,444.25,86,ARCX,ARCX,13,444.15,444.26,200,EDGX,EDGX,80,444.15,444.29,19,ARCX,ARCX,3,444.14,444.30,202,ARCX,ARCX,1,444.13,444.33,61,ARCX,ARCX,1,444.06,444.34,80,BATS,ARCX,1,444.03,444.36,40,XPHL,ARCX,6,444.0,444.39,2,ARCX,ARCX,7,443.97,444.4,20,ARCX,ARCX,9,443.93,444.42,4,ARCX
2025-12-08 10:17:02,ARCX,31,444.28,444.38,146,ARCX,XNMS,120.0,444.28,444.38,40,EDGX,EDGX,40,444.26,444.38,80,XNMS,ARCX,7,444.19,444.39,46,ARCX,IEXG,4D,444.16,444.39,40,BATS,ARCX,7,444.15,444.40,20,ARCX,ARCX,3,444.14,444.47,20,ARCX,ARCX,1,444.13,444.49,2,ARCX,ARCX,9,444.06,444.51,4,ARCX,ARCX,9,444.05,444.53,8,ARCX,ARCX,1,444.03,444.54,2,ARCX
2025-12-08 10:17:09,XNMS,80,444.44,444.49,80,XNMS,EDGX,40.0,444.33,444.49,40,ARCX,BATS,40,444.32,444.51,8,ARCX,ARCX,5,444.30,444.51,680,BATS,IEXG,4D,444.30,444.54,40,EDGX,ARCX,25,444.28,444.56,2,ARCX,ARCX,1,444.19,444.58,2,ARCX,ARCX,10,444.17,444.58,160,XPHL,ARCX,14,444.15,444.6,2,ARCX,ARCX,3,444.14,444.67,7,ARCX,ARCX,1,444.13,444.71,100,ARCX
2025-12-08 10:17:16,XNMS,80,444.59,444.67,200,XNMS,EDGX,80.0,444.55,444.68,40,ARCX,IEXG,40,444.54,444.7,2000,EDGX,ARCX,12,444.36,444.71,100,ARCX,ARCX,9,444.35,444.71,40,BATS,BATS,40,444.32,444.72,40,EDGA,ARCX,5,444.3,444.72,80,XPHL,ARCX,9,444.29,444.8,5,ARCX,ARCX,25,444.28,444.83,7,ARCX,ARCX,7,444.25,444.84,10,ARCX,ARCX,10,444.23,444.88,5,ARCX
2025-12-08 10:17:24,EDGX,120,444.58,444.65,160,EDGX,XNMS,40.0,444.58,444.67,40,XNMS,BATS,240,444.58,444.68,40,ARCX,ARCX,27,444.58,444.70,160,BATS,IEXG,40,444.57,444.71,100,ARCX,ARCX,27,444.49,444.75,1,ARCX,ARCX,3,444.48,444.78,1,ARCX,ARCX,1,444.46,444.79,7,ARCX,ARCX,2,444.44,444.8,5,ARCX,ARCX,2,444.41,444.88,5,ARCX,ARCX,2,444.38,444.89,3,ARCX
2025-12-08 10:17:31,XNMS,80,444.66,444.7,2040,EDGX,EDGX,40.0,444.62,444.7,800,XNMS,BATS,160,444.59,444.71,100,ARCX,ARCX,2,444.51,444.71,400,BATS,ARCX,2,444.49,444.73,200,ARCX,ARCX,2,444.47,444.75,1,ARCX,ARCX,2,444.45,444.78,1,ARCX,IEXG,40,444.45,444.8,5,ARCX,ARCX,2,444.43,444.82,1,ARCX,ARCX,11,444.41,444.85,8,ARCX,ARCX,2,444.39,444.86,2,ARCX
2025-12-08 10:17:39,XNMS,80,444.38,444.44,160,ARCX,EDGX,40.0,444.37,444.44,120,XNMS,IEXG,280,444.36,444.5,120,EDGX,BATS,16D,444.35,444.64,3,ARCX,ARCX,9,444.31,444.65,1,ARCX,ARCX,5,444.28,444.66,2,ARCX,ARCX,15,444.2,444.67,17,ARCX,ARCX,1,444.19,444.68,400,ARCX,ARCX,17,444.17,444.69,2,ARCX,ARCX,7,444.15,444.71,108,ARCX,ARCX,3,444.14,444.72,11,ARCX
2025-12-08 10:17:47,XASE,40,444.43,444.51,80,XNMS,XNYS,40.0,444.43,444.56,160,BATS,BATY,40,444.43,444.58,200,EDGX,ARCX,87,444.43,444.59,44,ARCX,XNMS,160,444.43,444.59,40,XNYS,BATS,80,444.43,444.64,3,ARCX,IEXG,80,444.43,444.65,1,ARCX,EDGA,40,444.43,444.67,19,ARCX,EDGX,80,444.43,444.68,400,ARCX,ARCX,40,444.39,444.69,2,ARCX,ARCX,2,444.31,444.71,100,ARCX
2025-12-08 10:17:54,EDGX,40,444.41,444.45,400,XNMS,XNMS,40.0,444.41,444.47,80,ARCX,BATS,40,444.36,444.47,40,IEXG,IEXG,80,444.32,444.48,120,EDGX,ARCX,13,444.28,444.59,40,ARCX,ARCX,3,444.27,444.59,40,XNYS,ARCX,15,444.2,444.59,40,BATS,ARCX,4,444.19,444.6,8,ARCX,ARCX,2,444.17,444.62,7,ARCX,ARCX,9,444.15,444.64,5,ARCX,ARCX,3,444.14,444.65,1,ARCX
2025-12-08 10:18:03,EDGX,40,444.45,444.52,80,ARCX,XNMS,80.0,444.45,444.52,80,XNMS,BATS,80,444.30,444.58,160,BATS,IEXG,40,444.30,444.58,200,EDGX,ARCX,3,444.27,444.59,44,ARCX,ARCX,2,444.25,444.59,40,XNYS,ARCX,11,444.23,444.6,8,ARCX,ARCX,2,444.21,444.62,5,ARCX,ARCX,22,444.2,444.64,5,ARCX,ARCX,4,444.19,444.65,1,ARCX,ARCX,11,444.17,444.67,2,ARCX
2025-12-08 10:18:11,XNMS,120,444.4,444.46,40,XNMS,BATS,280.0,444.40,444.48,40,ARCX,EDGA,40,444.39,444.48,40,IEXG,EDGX,40,444.38,444.50,120,EDGX,IEXG,4D,444.36,444.58,40,BATS,ARCX,1,444.29,444.59,40,ARCX,ARCX,3,444.27,444.59,40,XNYS,ARCX,2,444.25,444.6,8,ARCX,ARCX,2,444.23,444.62,12,ARCX,ARCX,2,444.21,444.64,5,ARCX,ARCX,15,444.2,444.65,1,ARCX
2025-12-08 10:18:19,ARCX,1,444.41,444.45,124,ARCX,XNMS,40.0,444.37,444.45,120,XNMS,EDGX,40,444.35,444.47,40,EDGX,IEXG,4D,444.34,444.55,2,ARCX,BATS,16D,444.34,444.55,40,BATS,ARCX,7,444.31,444.57,2,ARCX,ARCX,3,444.29,444.59,42,ARCX,ARCX,5,444.27,444.59,40,XNYS,ARCX,3,444.25,444.6,128,ARCX,ARCX,2,444.23,444.61,2,ARCX,ARCX,2,444.21,444.62,5,ARCX
2025-12-08 10:18:27,ARCX,46,444.31,444.37,165,ARCX,XNMS,40.0,444.31,444.37,40,XNMS,ARCX,8,444.29,444.38,20,ARCX,BATS,200,444.29,444.38,200,BATS,IEXG,120,444.29,444.38,80,EDGX,EDGX,80,444.28,444.40,2,ARCX,ARCX,3,444.27,444.41,200,ARCX,ARCX,1,444.25,444.45,5,ARCX,ARCX,2,444.23,444.5,42,ARCX,ARCX,2,444.21,444.52,3,ARCX,ARCX,15,444.2,444.55,2,ARCX
2025-12-08 10:18:35,XNMS,40,444.31,444.38,80,XNMS,ARCX,44.0,444.29,444.38,64,ARCX,EDGX,40,444.29,444.38,40,EDGX,IEXG,40,444.28,444.40,200,BATS,ARCX,3,444.27,444.47,40,BATY,BATS,16D,444.27,444.50,50,ARCX,ARCX,1,444.25,444.52,1,ARCX,ARCX,2,444.23,444.53,2,ARCX,ARCX,2,444.21,444.55,2,ARCX,ARCX,15,444.2,444.56,7,ARCX,ARCX,4,444.19,444.57,2,ARCX
2025-12-08 10:18:41,XNMS,40,444.37,444.43,80,ARCX,EDGX,40.0,444.37,444.44,120,XNMS,ARCX,2,444.25,444.45,5,ARCX,ARCX,2,444.23,444.50,400,EDGX,ARCX,4,444.21,444.51,2,ARCX,ARCX,117,444.20,444.52,1,ARCX,ARCX,4,444.19,444.53,2,ARCX,ARCX,2,444.17,444.55,2,ARCX,ARCX,9,444.15,444.55,40,BATS,ARCX,3,444.14,444.57,2,ARCX,BATS,4D,444.14,444.58,7,ARCX
2025-12-08 10:18:49,XNMS,40,444.39,444.48,40,ARCX,EDGX,40.0,444.36,444.48,40,XNMS,ARCX,8,444.35,444.48,40,IEXG,BATS,600,444.31,444.50,480,EDGX,ARCX ARCX,10 1,444.30 444.27,444.52 444.55,1 2,ARCX ARCX,ARCX,3,444.26,444.57,2,ARCX,ARCX,2,444.23,444.58,40,BATS,ARCX,2,444.21,444.59,42,ARCX,ARCX,117,444.2,444.59,40,XNYS,ARCX,4,444.19,444.6,120,ARCX,,,,,,
2025-12-08 10:18:57,XNMS,160,444.33,444.42,40,XNMS,ARCX,10.0,444.30,444.42,40,IEXG,EDGX,80,444.30,444.45,40,EDGX,BATS,240,444.28,444.49,1,ARCX,ARCX,16,444.27,444.52,1,ARCX,ARCX,1,444.26,444.53,2,ARCX,ARCX,2,444.25,444.53,160,BATS,ARCX,2,444.23,444.54,1,ARCX,ARCX,2,444.21,444.55,2,ARCX,ARCX,102,444.2,444.57,2,ARCX,ARCX,4,444.19,444.59,42,ARCX
2025-12-08 10:19:04,XNMS,40,444.43,444.48,40,XNMS,EDGX,40.0,444.39,444.48,160,EDGX,BATS,160,444.38,444.48,89,ARCX,ARCX,2,444.31,444.49,1,ARCX,ARCX,2,444.29,444.50,2,ARCX,ARCX,16,444.27,444.50,40,BATS,ARCX,3,444.26,444.52,1,ARCX,ARCX,1,444.25,444.54,1,ARCX,ARCX,3,444.24,444.55,2,ARCX,ARCX,4,444.22,444.57,2,ARCX,ARCX,102,444.2,444.59,42,ARCX
2025-12-08 10:19:12,XNMS,40,444.26,444.3,80,ARCX,ARCX,500.0,444.24,444.3,120,XNMS,BATS,120,444.23,444.31,75,ARCX,EDGX,80,444.23,444.34,40,EDGX,ARCX ARCX,6 102,444.22 444.20,444.39 444.43,40 2,BATS ARCX,IEXG,12D,444.20,444.45,2,ARCX,ARCX,2,444.19,444.47,2,ARCX,ARCX,2,444.18,444.48,5,ARCX,ARCX,5,444.17,444.49,3,ARCX,ARCX,2,444.16,444.5,384,ARCX,,,,,,
2025-12-08 10:19:19,XNMS,40,444.52,444.58,60,ARCX,EDGX,40.0,444.51,444.58,80,XNMS,ARCX,2,444.37,444.59,40,ARCX,ARCX,2,444.34,444.59,40,BATS,ARCX,2,444.32,444.59,40,XNYS,ARCX,1,444.31,444.60,124,ARCX,ARCX,3,444.3,444.6,80,EDGX,JEXG,40,444.3,444.64,5,ARCX,ARCX,10,444.29,444.65,1,ARCX,ARCX,2,444.28,444.71,100,ARCX,ARCX,1,444.27,444.73,7,ARCX
2025-12-08 10:19:27,BATS,40,444.38,444.47,80,ARCX,XNMS,80.0,444.38,444.47,80,XNMS,EDGX,80,444.36,444.48,160,BATS,ARCX,10,444.31,444.48,40,EDGX,ARCX,3,444.30,444.49,40,ARCX,IEXG,40,444.30,444.67,7,ARCX,ARCX,2,444.28,444.68,233,ARCX,ARCX,1,444.27,444.71,100,ARCX,ARCX,2,444.26,444.72,9,ARCX,ARCX,2,444.24,444.75,1,ARCX,ARCX,2,444.22,444.78,10,ARCX
2025-12-08 10:19:45,XNMS,120,444.4,444.46,40,XNMS,ARCX,5.0,444.38,444.48,40,XASE,EDGX,40,444.37,444.5,2,ARCX,ARCX,17,444.33,444.50,400,EDGX,ARCX,15,444.32,444.54,4,ARCX,ARCX,1,444.31,444.55,15,ARCX,BATS,40,444.31,444.64,7,ARCX,ARCX,3,444.3,444.68,200,ARCX,IEXG,40,444.3,444.71,100,ARCX,ARCX,2,444.28,444.72,9,ARCX,ARCX,1,444.27,444.75,1,ARCX
2025-12-08 10:19:54,XNMS,40,444.31,444.37,40,XNMS,EDGX,40.0,444.29,444.42,40,EDGX,BATS,160,444.27,444.46,7,ARCX,IEXG,40,444.26,444.48,2,ARCX,ARCX,15,444.24,444.49,200,ARCX,ARCX,9,444.23,444.50,4,ARCX,ARCX,4,444.22,444.5,80,BATS,ARCX,1,444.21,444.52,2,ARCX,ARCX,187,444.2,444.54,13,ARCX,BATY,80,444.2,444.55,15,ARCX,ARCX,2,444.19,444.56,2,ARCX
2025-12-08 10:20:01,EDGX,40,444.52,444.6,40,XNMS,XNMS,40.0,444.52,444.6,60,ARCX,IEXG,80,444.52,444.63,40,BATS,ARCX,2,444.42,444.66,120,EDGX,ARCX,100,444.40,444.67,2,ARCX,ARCX,40,444.34,444.69,2,ARCX,BATS,12D,444.31,444.71,102,ARCX,ARCX,2,444.3,444.73,2,ARCX,ARCX,11,444.29,444.75,3,ARCX,ARCX,2,444.28,444.77,9,ARCX,ARCX,2,444.26,444.78,1,ARCX
2025-12-08 10:20:10,IEXG,40,444.58,444.64,160,EDGX,ARCX,12.0,444.57,444.64,40,ARCX,BATS,160,444.57,444.65,80,XNMS,EDGX,40,444.57,444.66,40,IEXG,XNMS,160,444.57,444.70,160,BATS,ARCX,400,444.53,444.71,102,ARCX,ARCX,40,444.49,444.73,2,ARCX,ARCX,1,444.46,444.75,3,ARCX,ARCX,2,444.42,444.77,2,ARCX,ARCX,100,444.4,444.78,1,ARCX,ARCX,10,444.35,444.79,2,ARCX
2025-12-08 10:20:19,XNMS,40,444.79,444.81,100,ARCX,ARCX,46.0,444.76,444.82,40,ARCX,EDGX,40,444.73,444.82,200,XNMS,ARCX,5,444.71,444.83,80,ARCX,IEXG BATS,12D 40,444.63 444.63,444.84 444.85,40 24,EDGX ARCX,ARCX,5,444.62,444.86,250,ARCX,ARCX,2,444.61,444.86,160,BATS,ARCX,8,444.59,444.88,5,ARCX,ARCX,2,444.57,444.89,3,ARCX,ARCX,42,444.54,444.91,17,ARCX,,,,,,
2025-12-08 10:20:27,ARCX,40,444.66,444.71,160,XNMS,EDGX,40.0,444.66,444.72,40,BATS,XNMS,80,444.65,444.74,40,ARCX,IEXG,80,444.64,444.75,240,EDGX,ARCX,9,444.62,444.79,2,ARCX,BATS,200,444.61,444.81,2,ARCX,ARCX,8,444.59,444.83,2,ARCX,ARCX,2,444.57,444.85,26,ARCX,ARCX,42,444.54,444.86,250,ARCX,ARCX,402,444.53,444.87,2,ARCX,ARCX,2,444.51,444.88,5,ARCX
2025-12-08 10:20:34,EDGX,120,444.93,444.98,40,BATS,BATS,160.0,444.92,444.98,40,XNMS,XNMS,120,444.92,445.0,451,ARCX,ARCX,45,444.91,445.00,40,XNYS,ARCX,20,444.86,445.00,1800,EDGX,ARCX,2,444.77,445.02,1,ARCX,ARCX,83,444.74,445.09,80,XPHL,ARCX,2,444.71,445.15,90,ARCX,ARCX,2,444.7,445.18,7,ARCX,ARCX,2,444.68,445.22,9,ARCX,ARCX,12,444.65,445.29,10,ARCX
2025-12-08 10:20:43,EDGX,40,445.01,445.1,80,XNMS,IEXG,40.0,445.01,445.11,16,ARCX,XNMS,40,445.01,445.12,44,ARCX,ARCX,14,444.98,445.12,200,BATS,BATS ARCX,40 40,444.97 444.91,445.15 445.30,160 9,EDGX ARCX,ARCX,40,444.87,445.33,7,ARCX,ARCX,22,444.86,445.36,9,ARCX,ARCX,2,444.83,445.43,10,ARCX,ARCX,10,444.8,445.46,2,ARCX,ARCX,17,444.77,445.49,120,ARCX,,,,,,
2025-12-08 10:20:52,EDGX,40,444.96,445.04,80,XNMS,XNMS,80.0,444.95,445.04,40,IEXG,ARCX,2,444.84,445.04,160,ARCX,ARCX,2,444.82,445.07,80,EDGX,ARCX ARCX,2 2,444.80 444.78,445.20 445.20,250 120,ARCX BATS,ARCX,22,444.77,445.24,9,ARCX,ARCX,2,444.76,445.27,7,ARCX,ARCX,83,444.74,445.3,9,ARCX,ARCX,10,444.71,445.36,9,ARCX,ARCX,10,444.65,445.4,15,ARCX,,,,,,
2025-12-08 10:21:00,EDGX,40,445.15,445.18,80,ARCX,XNMS,80.0,445.12,445.18,40,XNMS,ARCX,21,445.11,445.19,80,EDGX,BATS,160,445.11,445.20,250,ARCX,ARCX,89,445.10,445.20,240,BATS,ARCX,2,445.07,445.27,40,ARCX,ARCX,3,445.01,445.27,80,XASE,ARCX,2,445.0,445.36,9,ARCX,ARCX,2,444.99,445.4,15,ARCX,ARCX,2,444.98,445.42,8,ARCX,ARCX,2,444.96,445.43,10,ARCX
2025-12-08 10:21:09,XNMS,80,445.2,445.27,40,BATS,ARCX,2.0,445.19,445.27,400,XNMS,IEXG,80,445.19,445.31,40,EDGX,ARCX,1,445.15,445.40,15,ARCX,EDGX ARCX,920 40,445.13 445.10,445.40 445.46,40 2,XASE ARCX,BATS,40,445.10,445.49,120,ARCX,ARCX,2,445.06,445.5,452,ARCX,ARCX,2,445.03,445.51,11,ARCX,ARCX,10,445.01,445.52,50,ARCX,ARCX,11,445.0,445.55,200,XNYS,,,,,,
2025-12-08 10:21:18,XNMS,40,445.04,445.07,120,XNMS,ARCX,106.0,445.00,445.07,8,ARCX,EDGX,40,444.96,445.11,40,BATS,ARCX,8,444.84,445.24,40,IEXG,ARCX,7,444.82,445.28,9,ARCX,BATS,8D,444.80,445.31,14,ARCX,ARCX,9,444.77,445.34,10,ARCX,ARCX,81,444.74,445.37,7,ARCX,ARCX,10,444.71,445.4,9,ARCX,ARCX,10,444.65,445.45,2,ARCX,ARCX,7,444.62,445.45,320,EDGX
2025-12-08 10:21:27,XNMS,40,444.65,444.69,520,XNMS,EDGX,440.0,444.61,444.71,40,EDGX,IEXG,40,444.61,444.72,160,BATS,BATS,160,444.57,444.73,80,ARCX,ARCX,2,444.53,444.77,99,ARCX,ARCX,1,444.51,444.80,2,ARCX,ARCX,5,444.5,444.92,10,ARCX,ARCX,28,444.47,444.98,9,ARCX,ARCX,1,444.46,445.01,7,ARCX,ARCX,7,444.44,445.04,9,ARCX,ARCX,9,444.41,445.07,2,ARCX
2025-12-08 10:21:36,XNMS,80,444.81,444.88,80,ARCX,BATS,160.0,444.78,444.88,40,XNMS,EDGX,40,444.77,444.91,40,EDGX,IEXG,80,444.72,444.91,200,BATS,ARCX,2,444.71,444.95,2,ARCX,ARCX,2,444.66,444.97,2,ARCX,ARCX,2,444.64,445.0,2,ARCX,ARCX,2,444.62,445.03,2,ARCX,ARCX,8,444.61,445.06,2,ARCX,ARCX,2,444.6,445.07,2,ARCX,ARCX,10,444.59,445.09,2,ARCX
2025-12-08 10:21:44,XNMS,80,444.9,444.97,400,BATS,ARCX,63.0,444.80,444.98,40,XNMS,EDGX,160,444.79,444.99,400,EDGX,ARCX,98,444.77,444.99,80,ARCX,ARCX,2,444.76,444.99,80,XASE,ARCX,2,444.74,445.04,2,ARCX,ARCX,2,444.72,445.05,80,EDGA,IEXG,8D,444.72,445.05,80,XPHL,ARCX,2,444.71,445.06,2,ARCX,ARCX,2,444.7,445.09,2,ARCX,ARCX,2,444.68,445.11,2,ARCX
2025-12-08 10:21:53,BATS,40,444.97,445.02,160,ARCX,ARCX,6.0,444.97,445.02,160,XNMS,ARCX,1,444.96,445.07,80,EDGX,XNMS,80,444.96,445.09,2,ARCX,EDGX,80,444.96,445.10,10,ARCX,ARCX,4,444.92,445.11,2,ARCX,ARCX,2,444.87,445.13,2,ARCX,ARCX,2,444.85,445.15,2,ARCX,ARCX,2,444.83,445.17,2,ARCX,ARCX,2,444.81,445.19,2,ARCX,ARCX,58,444.8,445.19,40,BATS
2025-12-08 10:22:02,XNMS,40,445.09,445.13,40,XNMS,EDGX,40.0,445.08,445.13,40,ARCX,BATS,160,445.03,445.17,200,BATS,IEXG,4D,445.01,445.17,80,EDGX,ARCX ARCX,60 2,445.00 444.98,445.20 445.21,2 2,ARCX ARCX,ARCX,6,444.96,445.23,2,ARCX,ARCX,2,444.94,445.25,2,ARCX,ARCX,2,444.92,445.27,2,ARCX,ARCX,2,444.9,445.29,2,ARCX,ARCX,2,444.87,445.31,16,ARCX,,,,,,
2025-12-08 10:22:10,EDGX,40,445.05,445.09,80,ARCX,XNMS,40.0,445.05,445.1,40,XNMS,BATS,160,445.01,445.13,40,BATS,ARCX,58,445.00,445.13,40,EDGX,IEXG,240,445.00,445.14,5,ARCX,ARCX,12,444.96,445.19,2,ARCX,ARCX,2,444.94,445.2,2,ARCX,ARCX,2,444.92,445.21,2,ARCX,ARCX,2,444.9,445.23,2,ARCX,ARCX,2,444.87,445.25,2,ARCX,ARCX,2,444.85,445.27,2,ARCX
2025-12-08 10:22:18,XNMS,120,445.27,445.33,200,EDGX,IEXG,40.0,445.25,445.33,40,XNMS,EDGX,40,445.21,445.37,160,BATS,BATS,4D,445.17,445.40,40,IEXG,ARCX ARCX,200 9,445.10 445.07,445.41 445.49,100 30,ARCX ARCX,ARCX,7,445.04,445.50,444,ARCX,ARCX,124,445.01,445.51,2,ARCX,ARCX,56,445.0,445.55,200,XNYS,ARCX,2,444.98,445.57,7,ARCX,ARCX,6,444.96,445.59,9,ARCX,,,,,,
2025-12-08 10:22:26,ARCX,11,445.31,445.37,40,EDGX,IEXG,40.0,445.30,445.37,80,ARCX,XNMS,280,445.30,445.38,80,XNMS,EDGX,40,445.28,445.49,30,ARCX,BATS ARCX,4D 116,445.17 445.13,445.50 445.51,444 2,ARCX ARCX,ARCX,100,445.12,445.55,200,XNYS,ARCX,200,445.1,445.59,16,ARCX,ARCX,7,445.08,445.6,1,ARCX,ARCX,10,445.07,445.61,225,ARCX,ARCX,124,445.01,445.63,3,ARCX,,,,,,
2025-12-08 10:22:33,EDGX,80,445.17,445.23,110,ARCX,IEXG,40.0,445.17,445.23,40,XNMS,XNMS,80,445.17,445.27,40,EDGX,ARCX,136,445.12,445.37,40,BATS,ARCX,201,445.10,445.45,7,ARCX,BATS,200,445.10,445.46,6,ARCX,ARCX,40,445.04,445.47,10,ARCX,ARCX,115,445.01,445.49,30,ARCX,XPHL,40,445.01,445.5,444,ARCX,EDGA,40,445.01,445.51,2,ARCX,ARCX,10,445.0,445.53,10,ARCX
2025-12-08 10:22:47,ARCX,25,445.07,445.1,80,XNMS,BATS,80.0,445.07,445.1,120,ARCX,XNMS,280,445.07,445.13,40,ARCX,EDGX,40,445.06,445.15,200,EDGX,ARCX XNYS,115 8D,445.01 445.00,445.16 445.18,560 160,ARCX BATS,ARCX,3,445.00,445.23,2,ARCX,XPHL,40,444.99,445.25,2,ARCX,ARCX,2,444.98,445.27,3,ARCX,ARCX,6,444.96,445.29,2,ARCX,ARCX,2,444.94,445.3,28,ARCX,,,,,,
2025-12-08 10:22:54,XNMS,40,444.9,444.95,40,XNMS,IEXG,40.0,444.87,444.99,40,EDGX,BATS,160,444.86,445.1,2,ARCX,EDGX,80,444.84,445.13,2,ARCX,ARCX,1,444.74,445.14,40,BATS,ARCX,24,444.71,445.15,40,XNYS,ARCX,2D,444.7,445.16,2,ARCX,ARCX,5D,444.68,445.17,9,ARCX,ARCX,10,444.65,445.19,2,ARCX,ARCX,9,444.59,445.21,2,ARCX,ARCX,2,444.58,445.23,11,ARCX
2025-12-08 10:23:02,BATS,80,444.82,444.89,125,ARCX,EDGX,160.0,444.81,444.89,360,XNMS,ARCX,245,444.81,444.89,40,IEXG,XNMS,80,444.81,444.91,160,EDGX,IEXG,160,444.80,444.92,160,BATS,ARCX,6,444.74,445.01,2,ARCX,XPHL,40,444.72,445.04,42,ARCX,ARCX,7,444.71,445.07,10,ARCX,ARCX,20,444.7,445.09,2,ARCX,ARCX,50,444.68,445.11,11,ARCX,EDGA,4D,444.67,445.13,2,ARCX
2025-12-08 10:23:10,EDGX,40,444.54,444.59,65,ARCX,ARCX,7.0,444.53,444.59,40,EDGX,BATS,160,444.53,444.59,40,XNMS,ARCX,6,444.52,444.62,80,BATS,IEXG,40,444.52,444.77,2,ARCX,ARCX,1,444.51,444.79,40,ARCX,XNMS,12D,444.51,444.79,40,XNYS,ARCX,6,444.5,444.8,2,ARCX,ARCX,28,444.47,444.83,2,ARCX,ARCX,1,444.46,444.86,2,ARCX,ARCX,1,444.42,444.87,9,ARCX
2025-12-08 10:23:19,X80S,40,444.65,444.7,200,BATS,ARCX,45.0,444.65,444.7,40,XNMS,XNMS,120,444.65,444.72,85,ARCX,ARCX,45,444.64,444.78,2,ARCX,EDGX,40,444.53,444.80,2,ARCX,IEXG,40,444.48,444.83,2,ARCX,ARCX,7,444.43,444.86,2,ARCX,ARCX,10,444.42,444.89,80,EDGX,ARCX,10,444.41,444.9,7,ARCX,ARCX,9,444.35,444.93,17,ARCX,BATS,40,444.35,444.99,12,ARCX
2025-12-08 10:23:27,BATS,40,444.34,444.39,166,ARCX,XNMS,160.0,444.34,444.39,40,XNMS,EDGX,40,444.33,444.41,160,BATS,ARCX,29,444.31,444.41,40,EDGX,ARCX,6,444.27,444.44,6,ARCX,ARCX,1,444.24,444.55,2,ARCX,ARCX,8D,444.23,444.58,2,ARCX,ARCX,4,444.22,444.61,2,ARCX,ARCX,1,444.21,444.64,122,ARCX,ARCX,52,444.2,444.67,2,ARCX,ARCX,2,444.19,444.69,9,ARCX
2025-12-08 10:23:34,XNMS,40,444.13,444.18,40,EDGX,EDGX,80.0,444.08,444.18,40,XNMS,ARCX,7,444.06,444.2,7,ARCX,BATS,160,444.06,444.32,2,ARCX,ARCX,175,444.05,444.34,29,ARCX,ARCX,1,444.03,444.35,2,ARCX,ARCX,1,444.02,444.36,1,ARCX,BATY,40,444.0,444.38,2,ARCX,ARCX,819,444.0,444.39,9,ARCX,ARCX,1,443.95,444.41,2,ARCX,ARCX,7,443.93,444.44,2,ARCX
2025-12-08 10:23:42,XNMS,80,443.97,444.01,100,ARCX,ARCX,21.0,443.95,444.03,240,XNMS,EDGX,40,443.95,444.04,80,EDGX,IEXG,40,443.93,444.08,40,BATS,ARCX,12,443.92,444.15,100,ARCX,BATS,16D,443.91,444.17,2,ARCX,ARCX,1,443.88,444.2,2,ARCX,ARCX,1,443.87,444.23,2,ARCX,ARCX,1,443.86,444.26,2,ARCX,ARCX,1,443.84,444.27,10,ARCX,ARCX,3,443.82,444.29,2,ARCX
2025-12-08 10:23:50,ARCX,20,443.92,443.97,60,ARCX,XNMS,40.0,443.91,443.97,80,XNMS,EDGX,40,443.91,443.97,40,BATS,BATS,40,443.91,444.00,40,EDGX,IEXG ARCX,80 1,443.90 443.88,444.03 444.11,80 2,XNYS ARCX,ARCX,1,443.87,444.14,2,ARCX,ARCX,1,443.86,444.15,100,ARCX,ARCX,1,443.84,444.16,2,ARCX,ARCX,3,443.82,444.18,1,ARCX,ARCX,2,443.81,444.19,2,ARCX,,,,,,
2025-12-08 10:23:59,EDGX,40,444.0,444.05,48,ARCX,XNMS,40.0,444.00,444.05,80,BATS,IEXG,80,443.99,444.05,120,XNMS,BATS,160,443.95,444.10,9,ARCX,ARCX,19,443.92,444.10,80,EDGX,ARCX,13,443.89,444.13,2,ARCX,ARCX,1,443.88,444.15,102,ARCX,ARCX,1,443.87,444.17,2,ARCX,ARCX,6,443.86,444.19,2,ARCX,ARCX,1,443.84,444.21,2,ARCX,ARCX,3,443.82,444.23,2,ARCX
2025-12-08 10:24:08,ARCX,131,443.73,443.78,27,ARCX,XNMS,80.0,443.73,443.78,40,XNMS,BATS,160,443.71,443.79,128,ARCX,EDGX,40,443.71,443.79,40,EDGX,ARCX ARCX,9 12,443.67 443.64,443.80 443.80,40 8,BATS ARCX,ARCX,1,443.63,443.81,37,ARCX,ARCX,1,443.61,443.88,1,ARCX,ARCX,1,443.6,443.91,2,ARCX,ARCX,1,443.59,443.94,2,ARCX,ARCX,203,443.58,443.96,2,ARCX,,,,,,
2025-12-08 10:24:15,XNMS,80,443.67,443.71,92,ARCX,ARCX,11.0,443.65,443.71,160,XNMS,ARCX,10,443.64,443.73,40,EDGX,ARCX,1,443.63,443.75,9,ARCX,EDGX ARCX,4D 1,443.62 443.61,443.77 443.79,176 40,ARCX IEXG,BATS,950,443.61,443.83,2,ARCX,ARCX,6,443.6,443.85,2,ARCX,ARCX,1,443.59,443.87,2,ARCX,ARCX,205,443.58,443.89,2,ARCX,ARCX,406,443.55,443.9,40,ARCX,,,,,,
2025-12-08 10:24:23,XNMS,40,444.07,444.11,400,XNMS,EDGX,40.0,444.07,444.11,145,ARCX,BATS,120,444.06,444.11,40,EDGX,ARCX,405,444.05,444.32,7,ARCX,IEXG,4D,443.82,444.33,9,ARCX,ARCX,9,443.81,444.36,1,ARCX,ARCX,9,443.75,444.39,609,ARCX,ARCX,7,443.73,444.41,100,ARCX,ARCX,15,443.69,444.44,2,ARCX,ARCX,10,443.64,444.45,9,ARCX,ARCX,10,443.63,444.49,2,ARCX
2025-12-08 10:24:32,XNMS,840,444.3,444.35,149,ARCX,EDGX,40.0,444.26,444.35,40,XNMS,ARCX,2,444.18,444.36,1,ARCX,IEXG,80,444.16,444.39,600,ARCX,XASE,520,444.11,444.40,80,EDGX,ARCX,9,444.05,444.41,100,ARCX,ARCX,40,444.04,444.44,2,ARCX,ARCX,100,444.0,444.49,2,ARCX,ARCX,9,443.99,444.5,100,ARCX,ARCX,7,443.96,444.57,17,ARCX,ARCX,9,443.93,444.61,6,ARCX
2025-12-08 10:24:40,ARCX,12,444.21,444.24,50,ARCX,XNMS,120.0,444.20,444.24,80,XNMS,BATS,40,444.19,444.25,200,EDGX,EDGX,40,444.19,444.28,160,BATS,IEXG,200,444.13,444.39,600,ARCX,XASE,520,444.11,444.41,100,ARCX,ARCX,40,444.04,444.43,3,ARCX,ARCX,100,444.0,444.44,2,ARCX,ARCX,1,443.99,444.45,9,ARCX,ARCX,8,443.96,444.46,7,ARCX,ARCX,9,443.93,444.49,2,ARCX
2025-12-08 10:24:48,XNMS,80,444.43,444.5,160,XNMS,EDGX,40.0,444.40,444.52,40,IEXG,ARCX,40,444.33,444.58,40,EDGX,ARCX,2,444.32,444.61,6,ARCX,ARCX,3,444.30,444.69,9,ARCX,IEXG,40,444.29,444.70,7,ARCX,ARCX,2,444.28,444.75,10,ARCX,ARCX,2,444.25,444.8,200,XCME,ARCX,12,444.23,444.81,9,ARCX,ARCX,2,444.21,444.87,9,ARCX,ARCX,9,444.19,444.91,120,XNYS
2025-12-08 10:24:57,XNMS,40,444.23,444.3,87,ARCX,ARCX,47.0,444.22,444.3,40,EDGX,ARCX,107,444.21,444.3,80,XNMS,ARCX,87,444.20,444.31,47,ARCX,BATS,16D,444.17,444.38,2,ARCX,EDGX,40,444.17,444.40,8,ARCX,IEXG,8D,444.12,444.42,2,ARCX,XASE,520,444.11,444.43,40,ARCX,ARCX,2,444.08,444.44,2,ARCX,ARCX,40,444.04,444.45,9,ARCX,ARCX,7,444.03,444.46,2,ARCX
2025-12-08 10:25:05,XNMS,80,444.22,444.29,86,ARCX,IEXG,40.0,444.21,444.29,200,XNMS,BATS,160,444.18,444.3,120,EDGX,EDGX,40,444.18,444.36,2,ARCX,ARCX ARCX,8 40,444.17 444.14,444.38 444.40,2 18,ARCX ARCX,XASE,520,444.11,444.42,2,ARCX,ARCX,2,444.08,444.43,19,ARCX,ARCX,40,444.04,444.44,2,ARCX,ARCX,7,444.03,444.45,9,ARCX,ARCX,80,444.02,444.46,2,ARCX,,,,,,
2025-12-08 10:25:13,XNMS,320,443.75,443.81,120,XNMS,EDGX,120.0,443.75,443.82,40,EDGX,ARCX,7,443.74,443.84,160,IEXG,ARCX,6,443.70,443.86,240,BATS,ARCX,2,443.65,443.98,17,ARCX,ARCX,10,443.64,443.99,80,ARCX,ARCX,1,443.63,444.03,40,ARCX,ARCX,1,443.61,444.09,9,ARCX,ARCX,102,443.6,444.15,10,ARCX,ARCX,1,443.59,444.19,7,ARCX,ARCX,205,443.58,444.21,9,ARCX
2025-12-08 10:25:21,XNMS,40,443.66,443.73,120,XNMS,ARCX,2.0,443.66,443.73,60,ARCX,ARCX,47,443.63,443.79,160,BATS,EDGX,1000,443.63,443.79,40,EDGX,ARCX,1,443.61,443.82,160,IEXG,BATS,160,443.61,443.82,40,BATY,ARCX,102,443.6,443.84,2,ARCX,ARCX,1,443.59,443.87,2,ARCX,ARCX,205,443.58,443.88,40,ARCX,ARCX,406,443.55,443.89,80,ARCX,ARCX,200,443.54,443.9,7,ARCX
2025-12-08 10:25:30,XNMS,40,443.64,443.69,120,XNMS,ARCX,42.0,443.63,443.72,40,EDGX,EDGX,960,443.63,443.82,2,ARCX,IEXG,12D,443.62,443.84,2,ARCX,ARCX,2,443.61,443.86,2,ARCX,BATS,240,443.61,443.88,42,ARCX,ARCX,102,443.6,443.89,80,ARCX,ARCX,6,443.59,443.9,7,ARCX,ARCX,205,443.58,443.92,2,ARCX,ARCX,80,443.56,443.94,2,ARCX,ARCX,406,443.55,443.96,2,ARCX
2025-12-08 10:25:38,IEXG,80,443.63,443.66,66,ARCX,BATS,40.0,443.63,443.66,200,XNMS,EDGX,80,443.63,443.69,40,BATS,XNMS,80,443.62,443.75,3,ARCX,ARCX ARCX,7 2,443.61 443.58,443.76 443.77,2 80,ARCX EDGX,ARCX,41,443.56,443.78,2,ARCX,ARCX,406,443.55,443.8,2,ARCX,ARCX,200,443.54,443.82,2,ARCX,ARCX,2,443.53,443.84,2,ARCX,XASE,4D,443.52,443.86,2,ARCX,,,,,,
2025-12-08 10:25:46,BATS,40,443.72,443.79,84,ARCX,XNMS,40.0,443.72,443.79,80,XNMS,EDGX,19000,443.70,443.82,40,ARCX,ARCX,5,443.66,443.86,40,EDGX,IEXG ARCX,12D 1,443.61 443.58,443.88 443.89,31 83,ARCX ARCX,ARCX,40,443.56,443.90,5,ARCX,ARCX,406,443.55,443.99,100,ARCX,ARCX,200,443.54,444.0,8,ARCX,ARCX,2,443.53,444.03,9,ARCX,XASE,40,443.52,444.09,10,ARCX,,,,,,
2025-12-08 10:25:55,ARCX,39,443.5,443.53,80,ARCX,BATS,120.0,443.50,443.53,80,XNMS,XNMS,5000,443.50,443.54,80,EDGX,IEXG,80,443.50,443.56,200,BATS,EDGX ARCX,"2,120 1",443.50 443.49,443.60 443.61,4 4,ARCX ARCX,ARCX,4,443.48,443.62,4,ARCX,ARCX,11,443.47,443.66,40,ARCX,XASE,80,443.44,443.85,9,ARCX,ARCX,1,443.43,443.88,7,ARCX,ARCX,21,443.42,443.91,9,ARCX,,,,,,
2025-12-08 10:26:02,ARCX,12,443.4,443.44,40,XNMS,XNMS,80.0,443.40,443.44,80,EDGX,IEXG,40,443.40,443.46,50,ARCX,BATS,40,443.30,443.50,2,ARCX,ARCX EDGX,1 80,443.24 443.23,443.56 443.67,5 10,ARCX ARCX,ARCX,2,443.21,443.68,5,ARCX,ARCX,44,443.2,443.73,16,ARCX,ARCX,9,443.18,443.79,9,ARCX,ARCX,9,443.15,443.8,25,ARCX,ARCX,1,443.14,443.85,9,ARCX,,,,,,
2025-12-08 10:26:10,BATS,40,443.21,443.26,160,XNMS,XNMS,40.0,443.21,443.3,5840,BATS,EDGX,40,443.21,443.3,5960,IEXG,IEXG,160,443.20,443.30,5840,EDGX,XNYS ARCX,40 5,443.18 443.16,443.37 443.40,5 40,ARCX ARCX,ARCX,9,443.09,443.49,9,ARCX,ARCX,1,443.08,443.5,9,ARCX,ARCX,1,443.07,443.55,14,ARCX,ARCX,42,443.06,443.57,1,ARCX,ARCX,2,443.03,443.6,200,XCME,,,,,,
2025-12-08 10:26:18,XNMS,120,442.99,442.98,10,ARCX,EDGX,200.0,442.95,442.99,5,ARCX,BATS,160,442.91,443.0,80,EDGX,ARCX,30,442.90,443.01,32D,XNMS,ARCX ARCX,21 8,442.89 442.88,443.01 443.01,160 10,BATS ARCX,ARCX,3,442.85,443.02,10,ARCX,EDGA,12D,442.85,443.02,120,IEXG,ARCX,45,442.81,443.04,7,ARCX,ARCX,1,442.8,443.05,13,ARCX,ARCX,2,442.78,443.07,13,ARCX,,,,,,
2025-12-08 10:26:25,XNMS,40,442.89,442.94,160,XNMS,EDGX,40.0,442.89,442.95,200,IEXG,IEXG,120,442.86,442.95,80,EDGX,BATS,80,442.86,442.96,170,ARCX,ARCX,53,442.82,443.02,80,BATS,ARCX,41,442.81,443.04,680,XPHL,ARCX,2,442.78,443.09,2,ARCX,ARCX,5,442.76,443.15,5,ARCX,ARCX,8,442.75,443.19,16,ARCX,ARCX,1,442.72,443.24,520,XASE,ARCX,2,442.71,443.25,19,ARCX
2025-12-08 10:26:35,BATS,280,442.8,442.83,240,XNMS,XNMS,440.0,442.80,442.85,40,IEXG,EDGX,80,442.80,442.88,17,ARCX,ARCX,12,442.78,442.90,20,ARCX,ARCX,8,442.75,442.90,440,EDGX,ARCX,1,442.72,442.91,3,ARCX,ARCX,2,442.71,443.02,80,BATS,ARCX,2,442.7,443.09,2,ARCX,ARCX,1,442.68,443.13,9,ARCX,ARCX,9,442.61,443.16,7,ARCX,ARCX,16,442.6,443.19,9,ARCX
2025-12-08 10:26:42,EDGX,80,442.65,442.69,40,XNMS,XNMS,200.0,442.65,442.69,144,ARCX,BATS,160,442.61,442.75,40,EDGX,ARCX,25,442.60,442.76,40,IEXG,ARCX ARCX,11 2,442.58 442.57,442.77 442.81,6 20,ARCX ARCX,ARCX,96,442.56,442.88,17,ARCX,ARCX,162,442.55,442.9,20,ARCX,ARCX,1,442.54,442.91,7,ARCX,ARCX,1,442.53,442.95,9,ARCX,ARCX,101,442.51,442.96,7,ARCX,,,,,,
2025-12-08 10:26:50,EDGX,40,442.79,442.82,40,XNMS,XNMS,40.0,442.77,442.84,80,BATS,ARCX,9,442.72,442.86,80,ARCX,BATS,40,442.66,442.90,760,EDGX,ARCX ARCX,4 461,442.64 442.60,442.91 443.01,6 9,ARCX ARCX,ARCX,12,442.58,443.05,7,ARCX,ARCX,2,442.57,443.07,11,ARCX,ARCX,96,442.56,443.09,2,ARCX,ARCX,162,442.55,443.11,2,ARCX,ARCX,8,442.54,443.13,11,ARCX,,,,,,
2025-12-08 10:26:59,EDGX,80,442.68,442.74,80,ARCX,XNMS,40.0,442.68,442.74,80,XNMS,BATS,160,442.67,442.78,14,ARCX,IEXG,80,442.60,442.80,760,EDGX,ARCX ARCX,12 2,442.58 442.57,442.80 442.91,760 6,BATS ARCX,ARCX,96,442.56,442.93,7,ARCX,ARCX,122,442.55,442.94,8,ARCX,ARCX,1,442.54,442.95,9,ARCX,ARCX,1,442.53,443.0,4,ARCX,ARCX,101,442.51,443.01,9,ARCX,,,,,,
2025-12-08 10:27:07,XNMS,80,442.18,442.22,40,BATS,BATS,40.0,442.17,442.23,40,XNMS,EDGX,40,442.17,442.27,50,ARCX,ARCX,11,442.13,442.35,40,EDGX,ARCX,1,442.12,442.36,40,ARCX,ARCX,12,442.10,442.43,40,ARCX,ARCX,2,442.09,442.45,40,ARCX,ARCX,1,442.08,442.48,2,ARCX,ARCX,10,442.05,442.53,10,ARCX,XPHL,40,442.03,442.59,9,ARCX,EDGA,280,442.03,442.64,7,ARCX
2025-12-08 10:27:16,XNMS,40,442.69,442.75,280,XNMS,IEXG,40.0,442.69,442.78,40,EDGX,EDGX,40,442.67,442.9,80,BATS,BATS,200,442.65,442.91,6,ARCX,ARCX ARCX,15 15,442.59 442.55,442.94 442.95,8 9,ARCX ARCX,ARCX,10,442.54,443.00,4,ARCX,ARCX,9,442.46,443.01,10,ARCX,ARCX,10,442.4,443.04,2,ARCX,ARCX,9,442.34,443.07,11,ARCX,ARCX,7,442.33,443.09,2,ARCX,,,,,,
2025-12-08 10:27:24,XNMS,120,442.82,442.92,240,BATS,BATS,40.0,442.81,442.92,130,ARCX,ARCX,27,442.81,442.92,80,XNMS,ARCX,1,442.72,442.96,80,EDGX,XPHL,40,442.72,443.00,4,ARCX,EDGX,80,442.68,443.04,2,ARCX,ARCX,5,442.67,443.05,40,XNYS,ARCX,9,442.64,443.07,2,ARCX,ARCX,10,442.61,443.09,2,ARCX,ARCX,1,442.6,443.11,10,ARCX,ARCX,9,442.58,443.13,11,ARCX
2025-12-08 10:27:33,XNMS,80,442.99,443.05,40,XNMS,BATS,160.0,442.98,443.06,10,ARCX,XPHL,40,442.91,443.06,40,BATS,IEXG,560,442.91,443.07,40,XPHL,EDGX,80,442.84,443.07,40,EDGX,ARCX,10,442.81,443.11,2,ARCX,ARCX,9,442.76,443.13,2,ARCX,ARCX,1,442.74,443.15,2,ARCX,ARCX,1,442.72,443.17,102,ARCX,ARCX,9,442.7,443.19,2,ARCX,ARCX,7,442.69,443.21,2,ARCX
2025-12-08 10:27:41,BATS,200,443.32,443.39,100,ARCX,XNMS,80.0,443.32,443.39,80,XNMS,EDGX,120,443.22,443.41,5,ARCX,ARCX,150,443.20,443.44,160,EDGX,ARCX ARCX,2 2,443.17 443.14,443.46 443.48,100 160,ARCX BATS,ARCX,9,443.12,443.49,460,XNYS,ARCX,2,443.11,443.5,60,ARCX,ARCX,42,443.08,443.5,40,XPHL,ARCX,10,443.06,443.52,2,ARCX,ARCX,2,443.05,443.57,8,ARCX,,,,,,
2025-12-08 10:27:52,XNMS,80,443.39,443.43,84,ARCX,BATS,40.0,443.38,443.43,80,XNMS,IEXG,40,443.38,443.52,120,EDGX,EDGX,200,443.35,443.55,20,ARCX,ARCX ARCX,9 6,443.32 443.30,443.61 443.65,20 8,ARCX ARCX,ARCX,2,443.28,443.67,9,ARCX,ARCX,2,443.26,443.68,5,ARCX,ARCX,2,443.23,443.73,9,ARCX,ARCX,152,443.2,443.79,9,ARCX,ARCX,10,443.18,443.85,9,ARCX,,,,,,
2025-12-08 10:28:01,ARCX,6,443.32,443.38,244,ARCX,XNMS,80.0,443.31,443.38,80,XNMS,ARCX,44,443.30,443.43,40,EDGX,IEXG,40,443.30,443.56,100,ARCX,BATS EDGX,200 40,443.29 443.25,443.61 443.63,9 7,ARCX ARCX,ARCX,2,443.23,443.65,10,ARCX,ARCX,15D,443.2,443.67,9,ARCX,ARCX,40,443.14,443.68,5,ARCX,ARCX,16,443.12,443.73,9,ARCX,ARCX,10,443.06,443.78,40,BATS,,,,,,
2025-12-08 10:28:10,BATS,160,443.18,443.26,40,XNMS,EDGX,40.0,443.18,443.27,55,ARCX,IEXG,40,443.18,443.28,25,ARCX,XNMS,120,443.18,443.47,80,EDGX,ARCX ARCX,17 40,443.12 443.11,443.49 443.55,36 9,ARCX ARCX,ARCX,2,443.09,443.56,100,ARCX,ARCX,2,443.07,443.58,80,XNYS,ARCX,2,443.05,443.6,200,XCME,ARCX,2,443.03,443.61,9,ARCX,ARCX,9,443.01,443.64,8,ARCX,,,,,,
2025-12-08 10:28:19,XNMS,40,443.41,443.47,80,XNMS,EDGX,40.0,443.30,443.5,40,EDGX,ARCX,2,443.29,443.64,8,ARCX,ARCX,2,443.27,443.65,40,BATS,ARCX ARCX,2 40,443.24 443.23,443.67 443.68,34 5,ARCX ARCX,ARCX,2,443.21,443.70,40,XASE,ARCX,2,443.19,443.7,8,ARCX,ARCX,10,443.18,443.73,9,ARCX,ARCX,2,443.17,443.79,9,ARCX,ARCX,3,443.15,443.79,80,XNYS,,,,,,
2025-12-08 10:28:28,XNMS,40,443.61,443.68,80,ARCX,EDGX,80.0,443.57,443.68,80,XNMS,BATS,160,443.51,443.71,40,EDGX,ARCX,2,443.46,443.72,5,ARCX,ARCX ARCX,16 2,443.44 443.43,443.79 443.85,80 10,XNYS ARCX,ARCX,2,443.40,443.87,8,ARCX,ARCX,2,443.37,443.91,9,ARCX,ARCX,9,443.36,443.97,9,ARCX,ARCX,2,443.34,443.98,5,ARCX,ARCX,7,443.32,443.99,2,ARCX,,,,,,
2025-12-08 10:28:37,BATS,160,443.51,443.57,160,XNMS,EDGX,40.0,443.51,443.58,120,EDGX,XNMS,40,443.51,443.67,1,ARCX,ARCX,15,443.44,443.74,40,BATS,ARCX ARCX,3 2,443.43 443.41,443.78 443.79,8 9,ARCX ARCX,ARCX,2,443.39,443.79,80,XNYS,ARCX,2,443.37,443.8,10,ARCX,ARCX,2,443.34,443.85,9,ARCX,ARCX,3,443.31,443.88,9,ARCX,ARCX,10,443.3,443.91,9,ARCX,,,,,,
2025-12-08 10:28:45,XNMS,40,443.55,443.6,40,EDGX,ARCX,6.0,443.46,443.6,157,ARCX,EDGX,200,443.46,443.62,120,XNMS,ARCX,2,443.45,443.74,40,BATS,ARCX ARCX,2 2,443.43 443.41,443.79 443.80,80 10,XNYS ARCX,ARCX,2,443.39,443.82,7,ARCX,ARCX,2,443.37,443.85,9,ARCX,ARCX,16,443.36,443.88,9,ARCX,ARCX,2,443.34,443.91,9,ARCX,ARCX,1,443.33,443.97,9,ARCX,,,,,,
2025-12-08 10:28:55,XNMS,40,443.47,443.53,80,ARCX,ARCX,43.0,443.47,443.53,80,XNMS,ARCX,5,443.46,443.56,40,EDGX,EDGX,240,443.46,443.60,1,ARCX,BATS ARCX,160 2,443.45 443.39,443.74 443.74,40 40,BATS IEXG,ARCX,2,443.37,443.79,10,ARCX,ARCX,2,443.34,443.8,17,ARCX,ARCX,1,443.33,443.85,9,ARCX,ARCX,3,443.31,443.88,9,ARCX,ARCX,10,443.3,443.91,9,ARCX,,,,,,
2025-12-08 10:29:04,XNMS,40,443.29,443.35,120,ARCX,EDGX,80.0,443.22,443.4,160,XNMS,BATS,200,443.21,443.41,160,EDGX,ARCX,1,443.18,443.43,3,ARCX,ARCX,5,443.16,443.52,4,ARCX,ARCX,1,443.15,443.55,9,ARCX,ARCX,41,443.11,443.6,1,ARCX,ARCX,7,443.07,443.61,16,ARCX,ARCX,9,443.06,443.67,10,ARCX,ARCX,237,443.0,443.7,360,BATS,ARCX,10,442.94,443.73,9,ARCX
2025-12-08 10:29:14,EDGX,40,442.97,443.07,66,ARCX,XNMS,40.0,442.95,443.07,40,XNMS,BATS,160,442.93,443.1,160,BATS,ARCX,15,442.90,443.10,200,EDGX,ARCX ARCX,9 7,442.82 442.79,443.31 443.35,9 307,ARCX ARCX,ARCX,9,442.76,443.37,9,ARCX,ARCX,151,442.74,443.43,12,ARCX,ARCX,2,442.73,443.49,9,ARCX,ARCX,1,442.72,443.52,4,ARCX,ARCX,9,442.7,443.55,9,ARCX,,,,,,
2025-12-08 10:29:22,XNMS,80,443.16,443.25,160,BATS,EDGX,120.0,443.15,443.25,47,ARCX,BATS,200,443.10,443.25,80,XNMS,ARCX,107,443.07,443.28,120,EDGX,ARCX,40,443.05,443.37,40,ARCX,ARCX,2,443.00,443.43,12,ARCX,ARCX,7,442.95,443.45,7,ARCX,ARCX,10,442.94,443.49,9,ARCX,XCIS,40,442.93,443.52,4,ARCX,ARCX,2,442.93,443.55,9,ARCX,ARCX,10,442.88,443.6,1,ARCX
2025-12-08 10:29:30,ARCX,12,443.07,443.16,87,ARCX,ARCX,40.0,443.06,443.16,80,XNMS,BATS,40,443.04,443.17,7,ARCX,XNMS,12D,443.02,443.19,7,ARCX,ARCX EDGX,7 12D,443.00 443.00,443.24 443.25,47 80,ARCX EDGX,ARCX,10,442.94,443.28,40,ARCX,XCIS,40,442.93,443.37,40,ARCX,ARCX,2,442.93,443.4,7,ARCX,ARCX,17,442.88,443.43,13,ARCX,ARCX,5,442.85,443.49,9,ARCX,,,,,,
2025-12-08 10:29:38,XNMS,40,443.21,443.28,40,XNMS,EDGX,40.0,443.19,443.29,45,ARCX,BATS,40,443.17,443.36,80,EDGX,ARCX,40,443.08,443.37,40,ARCX,ARCX ARCX,24 9,443.00 442.94,443.48 443.49,8 9,ARCX ARCX,XCIS,40,442.93,443.50,40,BATS,ARCX,2,442.93,443.51,2,ARCX,ARCX,2,442.9,443.52,4,ARCX,ARCX,11,442.88,443.53,2,ARCX,ARCX,2,442.86,443.55,11,ARCX,,,,,,
2025-12-08 10:29:47,XNMS,160,443.25,443.35,40,XNMS,ARCX,6.0,443.24,443.36,80,EDGX,IEXG,40,443.24,443.39,61,ARCX,BATS,160,443.24,443.41,5,ARCX,ARCX,25,443.23,443.50,40,BATS,ARCX,5,443.20,443.51,2,ARCX,EDGX,560,443.2,443.52,4,ARCX,ARCX,40,443.08,443.53,9,ARCX,ARCX,9,443.06,443.55,11,ARCX,ARCX,7,443.05,443.57,2,ARCX,ARCX,140,443.0,443.59,2,ARCX
2025-12-08 10:29:55,BATS,40,443.54,443.59,60,ARCX,XNMS,80.0,443.53,443.59,40,XNMS,EDGX,40,443.43,443.6,200,EDGX,ARCX,2,443.39,443.60,1,ARCX,ARCX ARCX,10 2,443.30 443.26,443.63 443.67,200 18,BATS ARCX,ARCX,11,443.24,443.69,2,ARCX,ARCX,22,443.23,443.71,2,ARCX,ARCX,10,443.22,443.78,7,ARCX,ARCX,10,443.21,443.79,10,ARCX,XCME,200,443.2,443.82,25,ARCX,,,,,,
2025-12-08 10:30:05,XNMS,40,443.54,443.59,40,XNMS,EDGX,40.0,443.53,443.59,120,ARCX,ARCX,11,443.50,443.61,40,EDGX,BATS,16D,443.46,443.67,16,ARCX,ARCX ARCX,"4 1,367",443.39 443.30,443.69 443.70,2 10,ARCX ARCX,ARCX,2,443.26,443.71,2,ARCX,ARCX,11,443.24,443.73,2,ARCX,ARCX,22,443.23,443.75,2,ARCX,ARCX,2,443.21,443.77,2,ARCX,XCME,200,443.2,443.79,11,ARCX,,,,,,
2025-12-08 10:30:14,XNMS,40,443.17,443.22,40,XNMS,ARCX,1.0,443.16,443.25,40,IEXG,IEXG,40,443.16,443.25,200,BATS,EDGX,80,443.16,443.33,80,EDGX,ARCX ARCX,40 185,443.08 443.00,443.49 443.51,10 7,ARCX ARCX,BATS,40,443.00,443.53,40,XNYS,ARCX,8,442.98,443.54,63,ARCX,ARCX,9,442.94,443.55,9,ARCX,ARCX,2,442.93,443.56,42,ARCX,ARCX,57,442.88,443.57,63,ARCX,,,,,,
2025-12-08 10:30:22,XNMS,40,443.02,443.07,40,XNMS,IEXG,40.0,443.01,443.09,40,IEXG,ARCX,508,443.00,443.11,40,EDGX,EDGX,80,443.00,443.16,40,BATS,BATS ARCX,16D 2,442.99 442.90,443.17 443.31,40 10,ARCX ARCX,ARCX,48,442.88,443.32,7,ARCX,ARCX,8,442.83,443.37,9,ARCX,ARCX,9,442.82,443.43,9,ARCX,ARCX,10,442.81,443.49,10,ARCX,ARCX,183,442.8,443.54,63,ARCX,,,,,,
2025-12-08 10:30:30,XNMS,240,443.21,443.29,40,XNMS,IEXG,40.0,443.21,443.33,40,EDGX,BATS,400,443.21,443.33,160,BATS,EDGX,120,443.11,443.40,14,ARCX,ARCX ARCX,9 10,443.05 443.05,443.47 443.51,40 8,ARCX ARCX,ARCX,509,443.00,443.54,63,ARCX,ARCX,7,442.99,443.55,9,ARCX,ARCX,9,442.94,443.56,42,ARCX,ARCX,2,442.9,443.57,2,ARCX,ARCX,57,442.88,443.6,2,ARCX,,,,,,
2025-12-08 10:30:39,EDGX,680,442.91,442.94,47,ARCX,ARCX,10.0,442.90,442.94,120,XNMS,IEXG,40,442.90,442.95,40,EDGX,ARCX,48,442.88,442.99,160,BATS,BATS XNMS,160 200,442.88 442.88,443.23 443.25,7 9,ARCX ARCX,ARCX,1,442.84,443.31,9,ARCX,ARCX,1,442.82,443.37,9,ARCX,ARCX,10,442.81,443.43,10,ARCX,ARCX,183,442.8,443.47,40,ARCX,ARCX,9,442.76,443.49,9,ARCX,,,,,,
2025-12-08 10:30:47,XNMS,40,443.03,443.11,80,XNMS,IEXG,40.0,443.02,443.11,40,EDGX,EDGX,40,443.01,443.12,160,BATS,ARCX,9,442.99,443.20,3,ARCX,BATS ARCX,40 200,442.99 442.89,443.30 443.37,7 9,ARCX ARCX,ARCX,58,442.88,443.43,10,ARCX,ARCX,8,442.84,443.49,9,ARCX,ARCX,11,442.82,443.5,25,ARCX,ARCX,10,442.81,443.53,40,XNYS,ARCX,183,442.8,443.54,2,ARCX,,,,,,
2025-12-08 10:30:55,BATS,80,442.96,443.03,80,ARCX,XNMS,80.0,442.96,443.04,40,XNMS,IEXG,40,442.96,443.04,40,IEXG,EDGX,40,442.94,443.05,160,BATS,ARCX,10,442.92,443.05,80,EDGX,ARCX,48,442.88,443.06,100,ARCX,ARCX,1,442.84,443.2,3,ARCX,ARCX,10,442.81,443.25,9,ARCX,ARCX,184,442.8,443.27,7,ARCX,ARCX,7,442.77,443.31,10,ARCX,ARCX,10,442.76,443.37,9,ARCX
2025-12-08 10:31:03,EDGX,200,442.7,442.77,166,ARCX,XNMS,120.0,442.70,442.77,40,EDGX,ARCX,7,442.68,442.77,120,XNMS,BATS,960,442.68,442.85,160,BATS,ARCX ARCX,1 40,442.67 442.64,443.01 443.05,9 8,ARCX ARCX,IEXG,40,442.64,443.06,100,ARCX,ARCX,45,442.63,443.07,9,ARCX,ARCX,280,442.62,443.13,9,ARCX,ARCX,2,442.61,443.19,9,ARCX,ARCX,2,442.59,443.2,3,ARCX,,,,,,
2025-12-08 10:31:11,IEXG,40,442.88,442.99,40,ARCX,XNMS,80.0,442.88,442.99,200,BATS,EDGX,80,442.84,442.99,40,XNMS,ARCX,2,442.79,443.00,40,EDGX,ARCX ARCX,2 42,442.77 442.76,443.06 443.07,100 2,ARCX ARCX,BATS,40,442.76,443.09,2,ARCX,ARCX,2,442.75,443.11,2,ARCX,ARCX,2,442.73,443.13,2,ARCX,ARCX,100,442.72,443.15,2,ARCX,ARCX,12,442.71,443.16,7,ARCX,,,,,,
2025-12-08 10:31:18,XNMS,40,442.9,442.94,40,XNMS,IEXG,40.0,442.88,442.95,120,EDGX,EDGX,200,442.85,442.95,40,BATS,ARCX,80,442.85,442.95,40,ARCX,BATS,40,442.78,443.04,2,ARCX,ARCX,125,442.76,443.06,102,ARCX,ARCX,3,442.73,443.09,2,ARCX,ARCX,100,442.72,443.11,2,ARCX,ARCX,12,442.71,443.13,2,ARCX,ARCX,10,442.7,443.14,8,ARCX,ARCX,2,442.69,443.15,2,ARCX
2025-12-08 10:31:27,XNMS,80,443.1,443.19,80,XNMS,ARCX,5.0,443.08,443.19,60,ARCX,IEXG,40,443.08,443.2,3,ARCX,EDGX,40,443.07,443.20,40,EDGX,ARCX,16,442.88,443.20,240,BATS,ARCX,80,442.85,443.24,13,ARCX,ARCX,9,442.82,443.37,9,ARCX,XCME,200,442.8,443.38,7,ARCX,ARCX,5,442.78,443.4,2,ARCX,ARCX,1,442.77,443.42,2,ARCX,ARCX,134,442.76,443.43,10,ARCX
2025-12-08 10:31:35,EDGX,40,443.49,443.57,40,EDGX,BATS,40.0,443.49,443.57,80,ARCX,XNMS,40,443.49,443.58,7,ARCX,ARCX,9,443.24,443.58,40,XNMS,ARCX ARCX,5 10,443.21 443.18,443.60 443.70,200 10,BATS ARCX,ARCX,7,443.17,443.73,10,ARCX,ARCX,9,443.12,443.77,7,ARCX,ARCX,2250,443.11,443.79,9,ARCX,ARCX,1,443.08,443.85,11,ARCX,ARCX,9,443.06,443.87,2,ARCX,,,,,,
2025-12-08 10:31:43,XNMS,40,443.5,443.56,1,ARCX,EDGX,40.0,443.42,443.57,10,ARCX,ARCX,2,443.39,443.57,40,IEXG,ARCX,2,443.37,443.57,40,EDGX,ARCX,2,443.35,443.57,40,XNMS,ARCX,2,443.33,443.58,40,ARCX,ARCX,2,443.31,443.6,360,BATS,ARCX,9,443.3,443.65,2,ARCX,ARCX,2,443.29,443.67,2,ARCX,ARCX,2,443.27,443.69,2,ARCX,ARCX,2,443.25,443.7,10,ARCX
2025-12-08 10:31:51,IEXG,40,443.32,443.4,40,IEXG,XNMS,80.0,443.32,443.4,40,BATS,ARCX,96,443.31,443.4,200,ARCX,EDGA,40,443.23,443.40,80,XNMS,EDGX,12D,443.22,443.43,40,EDGX,ARCX,5,443.21,443.51,2,ARCX,ARCX,66,443.12,443.51,120,XPHL,ARCX,2250,443.11,443.53,2,ARCX,ARCX,1,443.08,443.55,2,ARCX,ARCX,9,443.06,443.57,12,ARCX,ARCX,3,443.03,443.59,2,ARCX
2025-12-08 10:31:59,XNMS,40,443.61,443.67,40,ARCX,ARCX,9.0,443.42,443.67,80,XNMS,BATS,40,443.38,443.69,40,IEXG,EDGX,40,443.37,443.69,40,EDGA,ARCX ARCX,13 96,443.35 443.31,443.69 443.70,80 10,EDGX ARCX,ARCX,9,443.30,443.73,40,ARCX,ARCX,9,443.24,443.73,160,BATS,ARCX,5,443.21,443.86,7,ARCX,XCME,200,443.2,443.88,9,ARCX,ARCX,21,443.18,443.91,9,ARCX,,,,,,
2025-12-08 10:32:10,ARCX,1,443.49,443.52,40,EDGA,ARCX,4.0,443.48,443.52,44,ARCX,ARCX,4,443.45,443.54,40,XNMS,XNMS,40,443.45,443.54,40,IEXG,IEXG EDGX,40 40,443.45 443.42,443.55 443.55,40 119,EDGX ARCX,BATS,16D,443.41,443.56,40,BATS,ARCX,5,443.4,443.58,10,ARCX,ARCX,3,443.36,443.61,100,ARCX,ARCX,2,443.27,443.7,10,ARCX,ARCX,9,443.25,443.73,49,ARCX,,,,,,
2025-12-08 10:32:29,XNMS,40,443.89,443.96,120,XNMS,BATS,160.0,443.84,443.96,40,IEXG,IEXG,40,443.84,443.97,5,ARCX,XPHL,40,443.83,443.97,280,EDGX,EDGX,40,443.80,443.99,50,ARCX,ARCX,11,443.73,444.00,2,ARCX,ARCX,2,443.72,444.0,160,BATS,ARCX,2,443.69,444.05,500,ARCX,ARCX,2,443.66,444.08,6,ARCX,ARCX,40,443.65,444.09,9,ARCX,ARCX,2,443.63,444.1,3,ARCX
2025-12-08 10:32:37,XNMS,40,443.96,444.01,40,ARCX,EDGX,80.0,443.92,444.01,120,XNMS,ARCX,5,443.90,444.03,40,EDGX,ARCX,10,443.88,444.05,502,ARCX,BATS,16D,443.88,444.05,160,BATS,ARCX,1,443.82,444.08,6,ARCX,ARCX,5,443.74,444.1,3,ARCX,ARCX,11,443.72,444.13,100,ARCX,ARCX,54,443.71,444.16,7,ARCX,ARCX,9,443.7,444.17,1,ARCX,ARCX,3,443.68,444.2,9,ARCX
2025-12-08 10:32:47,IEXG,40,443.94,444.0,68,ARCX,EDGX,120.0,443.93,444.0,120,XNMS,XNMS,80,443.93,444.0,80,BATS,BATS,160,443.92,444.07,40,EDGX,ARCX ARCX,11 10,443.90 443.88,444.13 444.16,102 7,ARCX ARCX,ARCX,6,443.84,444.17,1,ARCX,ARCX,1,443.82,444.19,7,ARCX,ARCX,9,443.78,444.2,2,ARCX,ARCX,5,443.74,444.22,2,ARCX,ARCX,11,443.72,444.24,3,ARCX,,,,,,
2025-12-08 10:32:56,XNMS,80,443.88,443.91,80,EDGX,ARCX,7.0,443.86,443.92,80,XNMS,IEXG,40,443.86,443.95,40,IEXG,BATS,160,443.85,443.97,40,BATS,ARCX,11,443.84,444.09,7,ARCX,EDGX,40,443.84,444.12,2,ARCX,ARCX,40,443.83,444.13,102,ARCX,ARCX,2,443.8,444.14,2,ARCX,ARCX,42,443.78,444.15,9,ARCX,ARCX,2,443.76,444.16,9,ARCX,ARCX,47,443.74,444.17,1,ARCX
2025-12-08 10:33:05,EDGX,440,443.51,443.61,160,XNMS,ARCX,7.0,443.50,443.61,85,ARCX,XNMS,320,443.50,443.65,45,ARCX,BATS,160,443.49,443.67,40,BATS,ARCX,1,443.40,443.67,120,EDGX,ARCX,10,443.35,443.70,5,ARCX,ARCX,7,443.33,443.77,2,ARCX,ARCX,1,443.32,443.8,2,ARCX,ARCX,9,443.3,443.83,2,ARCX,ARCX,1,443.26,443.85,11,ARCX,ARCX,9,443.24,443.88,2,ARCX
2025-12-08 10:33:25,BATS,40,443.74,443.8,40,IEXG,XNMS,80.0,443.71,443.8,40,XNMS,EDGX,40,443.71,443.8,40,BATS,ARCX,6,443.55,443.88,6,ARCX,ARCX,60,443.54,443.90,2,ARCX,ARCX,1,443.52,443.92,2,ARCX,ARCX,3,443.5,443.92,40,EDGX,ARCX,8,443.49,443.94,2,ARCX,ARCX,10,443.48,443.98,7,ARCX,ARCX,9,443.42,444.03,9,ARCX,ARCX,1,443.4,444.09,9,ARCX
2025-12-08 10:33:35,XNMS,80,443.65,443.66,40,IEXG,IEXG,40.0,443.60,443.68,88,ARCX,ARCX,48,443.58,443.68,80,XNMS,ARCX,2,443.57,443.71,40,EDGX,BATS ARCX,16D 7,443.56 443.55,443.76 443.78,10 4,ARCX ARCX,EDGX,40,443.55,443.80,2,ARCX,ARCX,400,443.54,443.82,2,ARCX,ARCX,3,443.53,443.84,2,ARCX,ARCX,2,443.51,443.88,2,ARCX,ARCX,3,443.5,443.88,40,BATS,,,,,,
2025-12-08 10:33:44,XNMS,80,443.7,443.77,120,XNMS,ARCX,9.0,443.68,443.78,1326,ARCX,EDGX,40,443.65,443.78,40,IEXG,ARCX,9,443.64,443.85,120,EDGX,BATS ARCX,40 4,443.57 443.55,443.86 443.88,2 2,ARCX ARCX,ARCX,400,443.54,443.90,2,ARCX,ARCX,3,443.53,443.92,2,ARCX,ARCX,3,443.51,443.94,9,ARCX,ARCX,44,443.5,443.96,2,ARCX,ARCX,2,443.49,443.97,10,ARCX,,,,,,
2025-12-08 10:33:53,ARCX,50,443.82,443.92,40,XNMS,XNMS,80.0,443.82,443.92,90,ARCX,IEXG,40,443.82,443.92,40,IEXG,EDGX,40,443.74,443.93,160,BATS,ARCX,40,443.72,443.93,40,EDGX,ARCX,2,443.68,444.00,410,ARCX,ARCX,9,443.65,444.11,8,ARCX,ARCX,2,443.64,444.12,5,ARCX,BATS,40,443.63,444.13,109,ARCX,ARCX,7,443.62,444.14,11,ARCX,ARCX,9,443.6,444.15,16,ARCX
2025-12-08 10:34:02,ARCX,11,443.95,444.0,80,XNMS,XNMS,80.0,443.93,444.02,40,IEXG,IEXG,40,443.92,444.05,200,BATS,BATS,16D,443.91,444.07,40,EDGX,EDGX ARCX,40 50,443.91 443.83,444.08 444.12,160 5,EDGA ARCX,ARCX,500,443.81,444.13,109,ARCX,ARCX,50,443.8,444.14,11,ARCX,ARCX,9,443.78,444.15,7,ARCX,ARCX,40,443.74,444.17,1,ARCX,ARCX,7,443.73,444.19,2,ARCX,,,,,,
2025-12-08 10:34:11,XNMS,40,443.94,443.99,40,XNMS,ARCX,13.0,443.94,444.0,40,EDGX,EDGX,40,443.94,444.0,120,IEXG,BATS,160,443.90,444.03,260,BATS,ARCX,8,443.89,444.12,5,ARCX,ARCX,12,443.87,444.13,109,ARCX,ARCX,50,443.83,444.14,11,ARCX,ARCX,50,443.8,444.17,1,ARCX,ARCX,1,443.78,444.18,7,ARCX,EDGA,40,443.78,444.19,2,ARCX,ARCX,9,443.72,444.21,12,ARCX
2025-12-08 10:34:19,ARCX,10,443.61,443.67,200,XNMS,XNMS,40.0,443.60,443.7,240,IEXG,EDGX,440,443.60,443.72,40,EDGX,ARCX,1,443.57,443.73,160,BATS,ARCX ARCX,40 1,443.56 443.55,443.87 443.97,17 16,ARCX ARCX,ARCX,2,443.53,444.00,200,XCME,ARCX,3,443.51,444.01,40,ARCX,ARCX,4,443.5,444.03,10,ARCX,ARCX,2,443.49,444.09,9,ARCX,ARCX,9,443.48,444.13,109,ARCX,,,,,,
2025-12-08 10:34:28,BATS,120,443.44,443.5,129,ARCX,ARCX,36.0,443.44,443.5,80,XNMS,IEXG,40,443.44,443.51,445,ARCX,XNMS,40,443.43,443.53,5,ARCX,EDGX ARCX,80 1,443.42 443.40,443.53 443.54,160 5,BATS ARCX,ARCX,2,443.37,443.54,80,EDGX,ARCX,1,443.35,443.55,5,ARCX,ARCX,2,443.35,443.68,120,IEXG,ARCX,1,443.32,443.79,9,ARCX,ARCX,125,443.31,443.85,10,ARCX,,,,,,
2025-12-08 10:34:37,XNMS,80,443.55,443.64,120,XNMS,IEXG,40.0,443.52,443.64,40,IEXG,EDGX,40,443.51,443.64,100,ARCX,BATS,16D,443.47,443.68,160,BATS,ARCX ARCX,1 2,443.44 443.41,443.69 443.72,200 7,EDGX ARCX,ARCX,2,443.38,443.74,2,ARCX,ARCX,17,443.35,443.77,2,ARCX,ARCX,1,443.32,443.8,2,ARCX,ARCX,125,443.31,443.82,7,ARCX,ARCX,10,443.3,443.83,2,ARCX,,,,,,
2025-12-08 10:34:46,XNMS,40,443.44,443.49,85,ARCX,BATS,40.0,443.41,443.49,120,XNMS,IEXG,40,443.41,443.51,45,ARCX,EDGX,200,443.40,443.53,80,EDGX,ARCX ARCX,7 1,443.38 443.35,443.55 443.59,200 2,BATS ARCX,ARCX,1,443.32,443.61,2,ARCX,ARCX,125,443.31,443.63,2,ARCX,ARCX,8,443.26,443.65,2,ARCX,ARCX,9,443.24,443.68,2,ARCX,ARCX,3,443.23,443.7,2,ARCX,,,,,,
2025-12-08 10:34:56,ARCX,7,443.18,443.23,120,XNMS,XNMS,40.0,443.18,443.25,46,ARCX,EDGX,120,443.17,443.25,80,EDGX,BATS,40,443.16,443.25,80,IEXG,ARCX ARCX,7 2,443.14 443.12,443.27 443.27,6 200,ARCX BATS,ARCX,2,443.10,443.28,6,ARCX,ARCX,43,443.08,443.3,40,ARCX,ARCX,2,443.06,443.37,2,ARCX,ARCX,2,443.04,443.39,2,ARCX,ARCX,2,443.02,443.42,2,ARCX,,,,,,
2025-12-08 10:35:05,XNMS,120,443.25,443.3,80,XNMS,EDGX,80.0,443.24,443.3,46,ARCX,IEXG,40,443.24,443.3,40,IEXG,BATS,160,443.17,443.35,40,EDGX,ARCX,8,443.16,443.36,6,ARCX,ARCX,4,443.14,443.37,52,ARCX,ARCX,2,443.12,443.38,2,ARCX,ARCX,2,443.1,443.4,2,ARCX,ARCX,15,443.08,443.41,40,ARCX,ARCX,12,443.06,443.42,2,ARCX,ARCX,2,443.04,443.45,2,ARCX
2025-12-08 10:35:13,XNMS,40,443.38,443.43,40,EDGX,EDGX,40.0,443.37,443.46,40,IEXG,ARCX,34,443.35,443.47,80,XNMS,IEXG,40,443.35,443.51,6,ARCX,ARCX ARCX,1 4,443.34 443.31,443.53 443.55,2 2,ARCX ARCX,ARCX,1,443.29,443.57,2,ARCX,ARCX,2,443.28,443.59,2,ARCX,ARCX,3,443.26,443.61,2,ARCX,ARCX,2,443.24,443.63,10,ARCX,ARCX,2,443.22,443.65,102,ARCX,,,,,,
2025-12-08 10:35:22,IEXG,40,443.37,443.45,40,EDGX,XNMS,360.0,443.37,443.45,126,ARCX,EDGX,40,443.35,443.45,80,IEXG,BATS,480,443.35,443.47,80,XNMS,ARCX ARCX,8 7,443.30 443.29,443.49 443.55,160 5,BATS ARCX,ARCX,2,443.28,443.57,2,ARCX,ARCX,3,443.26,443.59,42,ARCX,ARCX,11,443.24,443.61,2,ARCX,ARCX,2,443.22,443.63,9,ARCX,ARCX,5,443.21,443.65,102,ARCX,,,,,,
2025-12-08 10:35:29,BATS,400,443.34,443.4,85,ARCX,XNMS,40.0,443.34,443.4,40,XNMS,EDGX,40,443.33,443.44,120,EDGX,IEXG,40,443.31,443.50,32D,BATS,ARCX ARCX,35 1,443.30 443.29,443.51 443.53,2 2,ARCX ARCX,ARCX,2,443.28,443.55,2,ARCX,EDGA,360,443.27,443.57,2,ARCX,ARCX,3,443.26,443.59,2,ARCX,ARCX,17,443.24,443.6,7,ARCX,ARCX,2,443.22,443.61,2,ARCX,,,,,,
2025-12-08 10:35:38,EDGX,40,443.15,443.24,160,XNMS,XPHL,120.0,443.14,443.24,40,IEXG,XNMS,80,443.14,443.24,105,ARCX,IEXG,40,443.14,443.25,160,BATS,ARCX ARCX,37 436,443.12 443.11,443.25 443.26,80 1,EDGX ARCX,ARCX,14,443.08,443.27,1,ARCX,ARCX,8,443.02,443.29,41,ARCX,ARCX,1,443.01,443.38,2,ARCX,ARCX,139,443.0,443.39,2,ARCX,BATS,480,443.0,443.41,2,ARCX,,,,,,
2025-12-08 10:35:47,XNMS,200,443.11,443.17,80,EDGX,ARCX,8.0,443.10,443.17,95,ARCX,IEXG,40,443.10,443.18,80,XNMS,EDGX,80,443.07,443.20,200,BATS,BATS ARCX,160 15,443.07 443.02,443.21 443.27,80 2,IEXG ARCX,ARCX,1,443.01,443.29,2,ARCX,ARCX,219,443.0,443.31,2,ARCX,ARCX,1,442.98,443.34,2,ARCX,ARCX,9,442.94,443.37,2,ARCX,ARCX,2,442.91,443.39,2,ARCX,,,,,,
2025-12-08 10:35:55,XNMS,40,442.93,442.97,86,ARCX,IEXG,40.0,442.91,442.97,40,XNMS,BATS,40,442.90,442.98,46,ARCX,EDGX,80,442.89,442.98,40,XNYS,XPHL ARCX,12D 8,442.88 442.85,442.98 443.00,240 120,BATS EDGX,ARCX,8,442.84,443.16,2,ARCX,ARCX,2,442.82,443.19,2,ARCX,ARCX,3,442.8,443.21,2,ARCX,ARCX,202,442.78,443.23,2,ARCX,ARCX,13,442.76,443.25,12,ARCX,,,,,,
2025-12-08 10:36:03,XNMS,120,443.1,443.17,80,ARCX,IEXG,40.0,443.09,443.17,40,XNMS,EDGX,40,443.07,443.17,120,IEXG,ARCX,6,443.06,443.18,400,BATS,BATS ARCX,16D 2,443.05 442.98,443.19 443.20,5 40,ARCX EDGX,ARCX,2,442.95,443.25,2,ARCX,ARCX,11,442.94,443.27,2,ARCX,ARCX,32,442.92,443.29,2,ARCX,ARCX,2,442.9,443.33,100,ARCX,ARCX,11,442.88,443.37,7,ARCX,,,,,,
2025-12-08 10:36:12,XNMS,40,443.11,443.17,40,IEXG,EDGX,40.0,443.07,443.17,80,EDGX,BATS,160,443.06,443.18,400,BATS,ARCX,6,443.06,443.19,40,ARCX,ARCX,7,443.02,443.19,40,XNMS,ARCX,2,443.00,443.25,2,ARCX,ARCX,2,442.98,443.27,2,ARCX,ARCX,2,442.95,443.29,2,ARCX,ARCX,3,442.94,443.31,2,ARCX,ARCX,2,442.92,443.33,102,ARCX,ARCX,1,442.91,443.35,7,ARCX
2025-12-08 10:36:20,XNMS,1360,442.8,442.82,160,XPHL,EDGX,480.0,442.80,442.83,80,XNMS,BATS,160,442.79,442.86,80,EDGX,ARCX,202,442.78,442.86,200,BATS,ARCX,2,442.77,442.97,2,ARCX,ARCX,4,442.76,443.00,2,ARCX,ARCX,1,442.73,443.02,2,ARCX,ARCX,5,442.72,443.04,2,ARCX,ARCX,10,442.71,443.07,2,ARCX,ARCX,2,442.7,443.09,2,ARCX,ARCX,1,442.68,443.1,7,ARCX
2025-12-08 10:36:28,XNMS,40,442.88,442.99,80,XNMS,IEXG,40.0,442.88,442.99,60,ARCX,EDGX,200,442.84,442.99,40,IEXG,ARCX,9,442.76,443.00,40,EDGX,ARCX ARCX,12 8,442.70 442.68,443.05 443.10,160 18,BATS ARCX,ARCX,1,442.67,443.17,7,ARCX,ARCX,1,442.66,443.19,9,ARCX,ARCX,10,442.64,443.25,10,ARCX,ARCX,280,442.62,443.31,10,ARCX,BATS,240,442.61,443.33,100,ARCX,,,,,,
2025-12-08 10:36:36,XNMS,40,442.88,442.96,120,EDGX,ARCX,17.0,442.86,442.96,60,ARCX,ARCX,5,442.85,442.96,80,XNMS,BATS,160,442.85,442.96,40,IEXG,EDGX ARCX,40 45,442.85 442.81,443.00 443.02,1 2,ARCX ARCX,IEXG,40,442.81,443.04,2,ARCX,ARCX,2,442.78,443.06,2,ARCX,ARCX,2,442.76,443.08,2,ARCX,ARCX,3,442.75,443.1,20,ARCX,ARCX,2,442.74,443.12,2,ARCX,,,,,,
2025-12-08 10:36:44,BATS,400,442.82,442.86,123,ARCX,XNMS,40.0,442.82,442.86,80,XNMS,IEXG,40,442.80,442.88,6,ARCX,EDGX,800,442.80,442.89,120,EDGX,EDGA ARCX,160 8,442.76 442.75,442.92 442.92,3 40,ARCX IEXG,ARCX,2,442.74,442.93,3,ARCX,ARCX,2,442.72,442.94,2,ARCX,ARCX,10,442.71,442.96,2,ARCX,ARCX,6,442.7,442.98,2,ARCX,ARCX,3,442.68,443.0,153,ARCX,,,,,,
2025-12-08 10:36:52,XNMS,40,442.96,443.07,80,XNMS,IEXG,40.0,442.95,443.08,120,IEXG,EDGX,40,442.94,443.09,80,EDGX,ARCX,41,442.93,443.12,1,ARCX,ARCX,2,442.83,443.14,2,ARCX,ARCX,22,442.82,443.16,2,ARCX,ARCX,318,442.8,443.16,160,BATS,ARCX,2,442.77,443.18,2,ARCX,ARCX,9,442.76,443.2,2,ARCX,BATS,200,442.76,443.22,2,ARCX,ARCX,3,442.75,443.25,16,ARCX
2025-12-08 10:37:00,XNMS,80,442.97,443.07,63,ARCX,IEXG,80.0,442.97,443.08,40,XNMS,BATS,160,442.96,443.09,40,ARCX,EDGX,40,442.96,443.10,160,BATS,ARCX ARCX,2 2,442.88 442.85,443.12 443.12,1 120,ARCX EDGX,ARCX,4,442.85,443.14,2,ARCX,ARCX,2,442.84,443.16,2,ARCX,ARCX,15,442.82,443.18,2,ARCX,ARCX,318,442.8,443.2,2,ARCX,ARCX,37,442.78,443.25,18,ARCX,,,,,,
2025-12-08 10:37:08,XNMS,40,442.87,442.91,80,ARCX,ARCX,10.0,442.85,442.91,40,XNMS,IEXG,40,442.85,442.96,120,EDGX,ARCX,15,442.82,442.96,40,BATS,BATS ARCX,16D 316,442.81 442.80,442.97 443.00,80 52,IEXG ARCX,EDGX,1920,442.80,443.02,3,ARCX,ARCX,37,442.78,443.04,2,ARCX,ARCX,2,442.76,443.06,2,ARCX,ARCX,3,442.75,443.08,2,ARCX,ARCX,2,442.74,443.1,2,ARCX,,,,,,
2025-12-08 10:37:16,XNMS,40,442.67,442.74,46,ARCX,ARCX,6.0,442.66,442.74,40,XNMS,EDGX,40,442.66,442.76,160,BATS,ARCX,1,442.65,442.76,120,EDGX,ARCX,1,442.64,442.78,6,ARCX,BATS,360,442.64,442.79,6,ARCX,ARCX,31,442.6,442.8,55,ARCX,ARCX,7,442.59,442.88,40,ARCX,ARCX,1,442.58,442.9,27,ARCX,ARCX,1,442.55,442.98,7,ARCX,ARCX,60,442.52,443.0,53,ARCX
2025-12-08 10:37:24,IEXG,40,443.01,443.1,80,ARCX,XNMS,40.0,443.01,443.1,40,XNMS,BATS,160,442.99,443.11,40,BATS,EDGX,40,442.99,443.11,80,EDGX,ARCX ARCX,40 10,442.83 442.82,443.12 443.16,1 2,ARCX ARCX,ARCX,1,442.79,443.18,2,ARCX,ARCX,9,442.76,443.2,2,ARCX,ARCX,7,442.74,443.22,2,ARCX,ARCX,9,442.7,443.29,7,ARCX,ARCX,9,442.64,443.31,10,ARCX,,,,,,
2025-12-08 10:37:32,XNMS,80,443.32,443.38,50,ARCX,ARCX,23.0,443.32,443.39,40,EDGX,IEXG,120,443.31,443.39,40,IEXG,ARCX,8,443.31,443.40,80,XNMS,ARCX EDGX,8 40,443.30 443.30,443.47 443.50,2 80,ARCX BATS,ARCX,8,443.29,443.55,16,ARCX,ARCX,8,443.27,443.61,9,ARCX,BATS,160,443.27,443.65,100,ARCX,ARCX,48,443.26,443.67,9,ARCX,ARCX,7,443.25,443.69,120,XNYS,,,,,,
2025-12-08 10:37:40,XNMS,80,443.31,443.4,40,BATY,IEXG,80.0,443.31,443.4,80,XNMS,EDGX,80,443.29,443.4,20,ARCX,BATS,160,443.28,443.40,80,IEXG,ARCX,270,443.20,443.41,40,EDGX,XPHL,80,443.20,443.47,10,ARCX,ARCX,9,443.12,443.5,80,BATS,ARCX,3,443.08,443.55,9,ARCX,ARCX,12,443.06,443.57,7,ARCX,ARCX,2,443.04,443.59,2,ARCX,ARCX,2,443.01,443.61,11,ARCX
2025-12-08 10:37:49,IEXG,40,443.37,443.46,80,ARCX,XNMS,40.0,443.37,443.46,40,IEXG,BATS,40,443.33,443.46,40,XNMS,XPHL,40,443.33,443.51,40,EDGX,EDGX ARCX,40 9,443.31 443.24,443.53 443.55,160 2,BATS ARCX,ARCX,7,443.21,443.59,2,ARCX,ARCX,9,443.18,443.61,2,ARCX,ARCX,7,443.13,443.63,2,ARCX,ARCX,9,443.12,443.65,109,ARCX,ARCX,4,443.08,443.67,12,ARCX,,,,,,
2025-12-08 10:37:58,XNMS,120,443.1,443.2,60,ARCX,IEXG,40.0,443.10,443.2,40,XNMS,ARCX,11,443.09,443.2,40,IEXG,ARCX,2,443.02,443.24,120,EDGX,EDGX ARCX,"3,680 498",443.01 443.00,443.25 443.41,160 7,BATS ARCX,ARCX,2,442.98,443.43,9,ARCX,ARCX,2,442.95,443.48,100,ARCX,ARCX,12,442.94,443.49,10,ARCX,ARCX,8,442.93,443.5,200,ARCX,ARCX,2,442.92,443.53,5,ARCX,,,,,,
2025-12-08 10:38:07,XNMS,80,442.96,443.03,340,ARCX,EDGX,40.0,442.95,443.03,40,XNMS,IEXG,40,442.95,443.04,80,EDGX,BATS,160,442.95,443.06,40,BATS,ARCX,21,442.94,443.14,2,ARCX,ARCX,1,442.93,443.17,2,ARCX,ARCX,1,442.9,443.2,2,ARCX,ARCX,5,442.88,443.23,2,ARCX,ARCX,2,442.86,443.25,16,ARCX,ARCX,2,442.83,443.26,2,ARCX,ARCX,9,442.82,443.29,2,ARCX
2025-12-08 10:38:14,XNMS,40,443.15,443.19,40,EDGX,IEXG,40.0,443.14,443.19,120,ARCX,EDGX,40,443.10,443.2,120,XNMS,ARCX,11,443.09,443.25,40,IEXG,ARCX ARCX,2 3,443.02 443.00,443.25 443.27,160 2,BATS ARCX,ARCX,2,442.98,443.29,3,ARCX,ARCX,2,442.95,443.32,2,ARCX,ARCX,12,442.94,443.35,2,ARCX,ARCX,1,442.93,443.37,10,ARCX,ARCX,2,442.92,443.38,9,ARCX,,,,,,
2025-12-08 10:38:22,BATS,40,443.1,443.15,80,ARCX,XNMS,80.0,443.10,443.15,80,XNMS,ARCX,10,443.09,443.17,40,IEXG,ARCX,29,443.08,443.19,40,EDGX,EDGX,80,443.07,443.23,2,ARCX,ARCX,7,443.03,443.25,2,ARCX,ARCX,2,443.02,443.27,2,ARCX,XPHL,40,443.02,443.29,3,ARCX,ARCX,3,443.0,443.31,2,ARCX,ARCX,2,442.98,443.33,2,ARCX,ARCX,2,442.96,443.35,2,ARCX
2025-12-08 10:38:29,XNMS,80,443.1,443.16,120,XNMS,BATS,80.0,443.09,443.16,80,ARCX,IEXG,40,443.09,443.17,40,EDGX,ARCX,55,443.04,443.23,2,ARCX,ARCX,2,443.02,443.25,2,ARCX,EDGX,40,443.01,443.27,2,ARCX,ARCX,23,443.0,443.27,40,IEXG,ARCX,2,442.98,443.29,3,ARCX,ARCX,2,442.96,443.31,2,ARCX,ARCX,12,442.94,443.33,2,ARCX,ARCX,1,442.93,443.35,2,ARCX
2025-12-08 10:38:36,XNMS,80,443.09,443.15,80,ARCX,ARCX,10.0,443.08,443.15,80,XNMS,EDGX,160,443.06,443.16,40,IEXG,ARCX,50,443.04,443.20,80,EDGX,BATS ARCX,16D 2,443.02 443.02,443.23 443.25,2 2,ARCX ARCX,ARCX,23,443.00,443.27,2,ARCX,ARCX,2,442.98,443.29,3,ARCX,ARCX,2,442.96,443.3,40,XNYS,ARCX,3,442.94,443.31,2,ARCX,ARCX,1,442.93,443.31,120,BATS,,,,,,
2025-12-08 10:38:43,EDGX,120,443.06,443.11,40,XNMS,IEXG,40.0,443.06,443.12,80,IEXG,XNMS,120,443.06,443.12,40,ARCX,BATS,160,443.02,443.13,40,BATS,ARCX,27,443.00,443.13,80,EDGX,ARCX,2,442.98,443.18,41,ARCX,ARCX,2,442.95,443.19,7,ARCX,ARCX,3,442.94,443.21,2,ARCX,ARCX,1,442.93,443.23,2,ARCX,ARCX,2,442.9,443.24,4,ARCX,ARCX,13,442.88,443.25,2,ARCX
2025-12-08 10:38:51,XNMS,40,443.03,443.11,160,XNMS,IEXG,40.0,443.01,443.11,80,IEXG,BATS,160,443.00,443.13,40,EDGX,EDGX,40,443.00,443.13,40,BATS,ARCX,17,442.95,443.18,1,ARCX,ARCX,6,442.94,443.19,9,ARCX,ARCX,3,442.93,443.21,2,ARCX,ARCX,2,442.91,443.22,40,ARCX,ARCX,2,442.9,443.23,2,ARCX,ARCX,2,442.89,443.24,4,ARCX,ARCX,4,442.88,443.25,2,ARCX
2025-12-08 10:38:58,XNMS,40,443.09,443.16,40,XNMS,BATS,40.0,443.09,443.16,80,ARCX,EDGX,40,443.09,443.16,40,IEXG,IEXG,40,443.09,443.18,1,ARCX,ARCX,2,443.01,443.19,7,ARCX,ARCX,29,443.00,443.20,460,EDGX,ARCX,2,442.99,443.22,160,BATS,ARCX,2,442.97,443.23,2,ARCX,ARCX,2,442.95,443.24,4,ARCX,ARCX,1,442.94,443.25,2,ARCX,ARCX,3,442.93,443.27,2,ARCX
2025-12-08 10:39:05,ARCX,17,442.83,442.88,160,EDGX,BATS,40.0,442.83,442.88,124,ARCX,XNMS,320,442.83,442.88,80,XNMS,EDGX,160,442.81,442.91,160,BATS,ARCX ARCX,5 1,442.80 442.79,443.02 443.05,2 2,ARCX ARCX,ARCX,4,442.78,443.08,2,ARCX,ARCX,1,442.77,443.11,2,ARCX,EDGA,40,442.75,443.13,9,ARCX,XPHL,40,442.75,443.14,2,ARCX,ARCX,14,442.74,443.17,7,ARCX,,,,,,
2025-12-08 10:39:11,ARCX,108,442.8,442.87,88,ARCX,BATS,40.0,442.80,442.87,200,XNMS,IEXG,40,442.80,442.88,80,BATS,XNMS,80,442.80,442.92,8,ARCX,EDGX ARCX,200 5,442.75 442.71,442.96 442.98,160 2,EDGX ARCX,ARCX,1BD,442.70,443.00,2,ARCX,ARCX,10,442.69,443.02,2,ARCX,ARCX,9,442.64,443.05,2,ARCX,ARCX,7,442.63,443.08,2,ARCX,ARCX,31,442.6,443.11,2,ARCX,,,,,,
2025-12-08 10:39:18,XNMS,40,442.92,443.01,80,ARCX,IEXG,40.0,442.91,443.01,40,XNMS,EDGX,40,442.91,443.01,40,IEXG,XASE,200,442.83,443.02,40,EDGX,ARCX,100,442.80,443.09,7,ARCX,ARCX,1,442.77,443.11,2,ARCX,ARCX,9,442.76,443.13,2,ARCX,ARCX,12,442.71,443.15,2,ARCX,ARCX,190,442.7,443.16,1,ARCX,ARCX,10,442.69,443.17,7,ARCX,BATS,40,442.67,443.19,12,ARCX
2025-12-08 10:39:25,XASE,200,442.83,442.9,80,XNMS,ARCX,8.0,442.83,442.9,165,ARCX,BATS,160,442.81,442.96,80,EDGX,XNMS,240,442.80,442.97,26,ARCX,IEXG EDGX,40 40,442.80 442.79,442.99 443.01,2 2,ARCX ARCX,ARCX,1,442.77,443.03,2,ARCX,ARCX,6,442.71,443.05,2,ARCX,ARCX,180,442.7,443.07,2,ARCX,ARCX,10,442.69,443.09,2,ARCX,ARCX,7,442.65,443.11,2,ARCX,,,,,,
2025-12-08 10:39:32,BATS,40,442.7,442.75,85,ARCX,ARCX,9.0,442.68,442.75,160,XNMS,IEXG,40,442.68,442.76,40,EDGX,XNMS,80,442.68,442.77,40,IEXG,EDGX ARCX,200 5,442.68 442.60,442.87 442.95,1 2,ARCX ARCX,ARCX,4,442.58,442.97,28,ARCX,ARCX,1,442.57,442.99,2,ARCX,ARCX,3,442.55,443.01,11,ARCX,ARCX,2,442.53,443.03,9,ARCX,ARCX,60,442.52,443.05,2,ARCX,,,,,,
2025-12-08 10:39:40,XNMS,40,442.84,442.91,40,IEXG,EDGX,40.0,442.82,442.92,80,XNMS,BATS,200,442.80,442.96,80,EDGX,ARCX,2,442.73,442.97,26,ARCX,ARCX ARCX,2 40,442.71 442.70,442.99 443.01,2 2,ARCX ARCX,ARCX,2,442.69,443.03,2,ARCX,ARCX,2,442.67,443.05,2,ARCX,ARCX,3,442.65,443.07,2,ARCX,ARCX,10,442.64,443.09,2,ARCX,ARCX,9,442.63,443.1,7,ARCX,,,,,,
2025-12-08 10:39:47,XNMS,40,442.96,442.99,7,ARCX,ARCX,328.0,442.93,443.01,80,IEXG,IEXG,40,442.93,443.02,40,XNMS,EDGX,80,442.90,443.04,120,EDGX,ARCX,40,442.85,443.07,2,ARCX,ARCX,3,442.85,443.09,2,ARCX,ARCX,2,442.83,443.11,2,ARCX,ARCX,2,442.81,443.13,2,ARCX,ARCX,2,442.79,443.15,2,ARCX,ARCX,11,442.76,443.16,1,ARCX,ARCX,1,442.74,443.16,40,BATS
2025-12-08 10:39:55,ARCX,8,442.85,442.94,80,XNMS,IEXG,40.0,442.85,442.95,60,ARCX,XNMS,80,442.85,442.95,80,EDGX,ARCX,308,442.80,443.00,160,BATS,BATS EDGX,160 40,442.79 442.79,443.03 443.05,2 2,ARCX ARCX,ARCX,6,442.79,443.07,2,ARCX,ARCX,2,442.78,443.09,2,ARCX,XCME,80,442.76,443.11,3,ARCX,ARCX,2,442.76,443.13,2,ARCX,ARCX,1,442.74,443.15,2,ARCX,,,,,,
2025-12-08 10:40:02,XNYS,40,442.97,443.03,80,XNMS,XNMS,40.0,442.95,443.04,80,ARCX,EDGX,40,442.94,443.04,40,IEXG,ARCX,2,442.87,443.08,1000,EDGX,ARCX,2,442.85,443.09,2,ARCX,ARCX,4,442.83,443.11,3,ARCX,ARCX,2,442.81,443.13,2,ARCX,ARCX,308,442.8,443.15,2,ARCX,BATS,40,442.8,443.17,7,ARCX,ARCX,2,442.79,443.17,40,BATS,ARCX,2,442.77,443.19,2,ARCX
2025-12-08 10:40:09,ARCX,16,442.73,442.8,40,ARCX,XNMS,80.0,442.73,442.8,40,XNMS,ARCX,2,442.72,442.81,160,BATS,ARCX,34,442.70,442.81,40,EDGX,EDGX ARCX,280 1,442.70 442.69,442.85 442.86,40 80,XNYS IEXG,ARCX,41,442.68,442.88,40,EDGA,ARCX,1,442.67,443.01,9,ARCX,ARCX,4,442.65,443.04,1,ARCX,ARCX,1,442.64,443.05,2,ARCX,ARCX,2,442.63,443.07,11,ARCX,,,,,,
2025-12-08 10:40:16,ARCX,7,442.82,442.88,44,ARCX,XNMS,40.0,442.82,442.88,40,XNMS,IEXG,40,442.82,442.9,240,EDGX,EDGX,80,442.80,442.95,6,ARCX,ARCX ARCX,2 2,442.75 442.73,442.95 442.97,400 5,BATS ARCX,ARCX,2,442.71,442.99,2,ARCX,ARCX,34,442.7,443.01,2,ARCX,ARCX,3,442.69,443.03,22,ARCX,ARCX,1,442.68,443.04,41,ARCX,ARCX,3,442.67,443.05,2,ARCX,,,,,,
2025-12-08 10:40:24,ARCX,40,442.72,442.79,40,ARCX,XNMS,40.0,442.72,442.79,80,XNMS,EDGX,80,442.71,442.79,40,IEXG,ARCX,39,442.70,442.83,40,EDGX,BATS ARCX,160 1,442.70 442.69,442.87 442.89,2 2,ARCX ARCX,ARCX,1,442.68,442.91,2,ARCX,XPHL,80,442.68,442.93,2,ARCX,ARCX,1,442.67,442.95,2,ARCX,ARCX,4,442.65,442.97,5,ARCX,ARCX,1,442.64,442.99,2,ARCX,,,,,,
2025-12-08 10:40:32,XNMS,40,442.7,442.79,40,XNMS,IEXG,40.0,442.69,442.8,80,BATS,EDGX,80,442.66,442.8,40,ARCX,ARCX,6,442.65,442.83,40,EDGX,ARCX,1,442.64,442.85,11,ARCX,ARCX,51,442.61,442.89,2,ARCX,ARCX,6,442.6,442.91,7,ARCX,BATS,40,442.6,442.93,2,ARCX,ARCX,5,442.58,442.95,2,ARCX,ARCX,3,442.57,442.96,40,ARCX,ARCX,3,442.55,442.97,5,ARCX
2025-12-08 10:40:39,XNMS,200,442.83,442.91,25,ARCX,EDGX,40.0,442.77,442.91,40,IEXG,ARCX,5,442.75,442.92,40,XNMS,BATS,16D,442.73,442.95,80,EDGX,ARCX ARCX,241 2,442.70 442.68,442.96 442.97,40 3,ARCX ARCX,ARCX,2,442.65,442.99,2,ARCX,ARCX,12,442.64,443.0,26,ARCX,ARCX,2,442.62,443.0,40,BATS,ARCX,51,442.61,443.01,2,ARCX,ARCX,8,442.6,443.03,2,ARCX,,,,,,
2025-12-08 10:40:47,XNMS,40,442.66,442.72,120,EDGX,ARCX,10.0,442.65,442.72,80,ARCX,ARCX,1,442.64,442.72,40,IEXG,BATS,16D,442.62,442.73,40,XNMS,ARCX EDGX,51 80,442.61 442.61,442.76 442.77,1 160,ARCX BATS,ARCX,52,442.60,442.83,3,ARCX,ARCX,7,442.58,442.84,40,ARCX,ARCX,3,442.57,442.85,42,ARCX,ARCX,3,442.56,442.87,2,ARCX,ARCX,3,442.55,442.89,2,ARCX,,,,,,
2025-12-08 10:40:55,XNMS,40,442.65,442.7,80,XNMS,EDGX,40.0,442.64,442.7,40,ARCX,ARCX,40,442.63,442.73,40,IEXG,BATS,16D,442.60,442.74,7,ARCX,ARCX ARCX,6 12,442.56 442.54,442.74 442.75,80 40,BATS ARCX,ARCX,3,442.53,442.76,1,ARCX,ARCX,54,442.52,442.77,80,EDGX,ARCX,151,442.5,442.79,2,ARCX,XNYS,40,442.5,442.81,2,ARCX,IEXG,40,442.5,442.83,3,ARCX,,,,,,
2025-12-08 10:41:03,BATS,400,442.45,442.49,40,XNMS,ARCX,6.0,442.43,442.49,100,ARCX,XNMS,40,442.43,442.5,44,ARCX,EDGX,240,442.42,442.51,40,IEXG,ARCX ARCX,5 405,442.41 442.40,442.52 442.52,40 4,EDGX ARCX,ARCX,5,442.39,442.53,6,ARCX,ARCX,1,442.38,442.53,160,BATS,ARCX,40,442.34,442.62,120,XASE,ARCX,6,442.33,442.65,20,ARCX,ARCX,2,442.32,442.69,2,ARCX,,,,,,
2025-12-08 10:41:12,ARCX,5,442.36,442.4,40,XNMS,XNMS,40.0,442.34,442.4,40,IEXG,ARCX,6,442.32,442.41,40,EDGX,BATS,16D,442.31,442.55,10,ARCX,EDGX ARCX,200 1,442.31 442.30,442.57 442.59,40 10,ARCX ARCX,ARCX,1,442.28,442.65,29,ARCX,ARCX,2,442.27,442.68,7,ARCX,ARCX,5,442.26,442.69,2,ARCX,ARCX,13,442.23,442.71,9,ARCX,ARCX,1,442.22,442.72,2,ARCX,,,,,,
2025-12-08 10:41:20,EDGX,80,442.43,442.49,109,ARCX,IEXG,40.0,442.41,442.49,120,XNMS,XNMS,40,442.41,442.54,80,EDGX,ARCX,249,442.40,442.55,160,BATS,ARCX ARCX,1 2,442.39 442.35,442.57 442.55,40 20,IEXG ARCX,ARCX,2,442.34,442.69,2,ARCX,ARCX,2,442.32,442.72,2,ARCX,ARCX,1,442.31,442.73,8,ARCX,ARCX,3,442.3,442.74,2,ARCX,ARCX,12,442.28,442.75,100,ARCX,,,,,,
2025-12-08 10:41:28,XNMS,80,442.43,442.49,120,BATS,ARCX,240.0,442.40,442.49,80,ARCX,EDGX,40,442.40,442.49,80,XNMS,ARCX,1,442.39,442.56,80,EDGX,ARCX,2,442.36,442.57,2,ARCX,ARCX,10,442.35,442.59,2,ARCX,ARCX,2,442.34,442.61,2,ARCX,ARCX,2,442.32,442.63,2,ARCX,ARCX,1,442.31,442.65,22,ARCX,ARCX,4,442.3,442.67,2,ARCX,ARCX,3,442.28,442.69,2,ARCX
2025-12-08 10:41:49,EDGX,1000,442.23,442.29,40,BATS,BATS,400.0,442.23,442.29,80,XNMS,XNMS,120,442.23,442.3,40,EDGX,IEXG,40,442.23,442.33,40,IEXG,ARCX,8,442.22,442.44,16,ARCX,ARCX,3,442.21,442.45,2,ARCX,ARCX,17,442.18,442.47,2,ARCX,ARCX,20,442.17,442.49,2,ARCX,ARCX,4,442.16,442.51,2,ARCX,ARCX,1,442.13,442.53,11,ARCX,ARCX,3,442.12,442.55,2,ARCX
2025-12-08 10:41:57,ARCX,25,441.99,442.05,80,XNMS,XNMS,40.0,441.99,442.07,40,IEXG,BATS,160,441.96,442.07,40,EDGX,EDGX,40,441.95,442.09,40,BATS,ARCX,2,441.87,442.12,2,ARCX,ARCX,2,441.85,442.16,2,ARCX,ARCX,2,441.82,442.2,25,ARCX,ARCX,42,441.8,442.22,8,ARCX,ARCX,2,441.78,442.23,9,ARCX,ARCX,10,441.77,442.25,1,ARCX,ARCX,2,441.76,442.29,10,ARCX
