timestamp,exch_b_1,size_b_1,bid_1,ask_1,size_a_1,exch_a_1,exch_b_2,size_b_2,bid_2,ask_2,size_a_2,exch_a_2,exch_b_3,size_b_3,bid_3,ask_3,size_a_3,exch_a_3,exch_b_4,size_b_4,bid_4,ask_4,size_a_4,exch_a_4,exch_b_5,size_b_5,bid_5,ask_5,size_a_5,exch_a_5,exch_b_6,size_b_6,bid_6,ask_6,size_a_6,exch_a_6,exch_b_7,size_b_7,bid_7,ask_7,size_a_7,exch_a_7,exch_b_8,size_b_8,bid_8,ask_8,size_a_8,exch_a_8,exch_b_9,size_b_9,bid_9,ask_9,size_a_9,exch_a_9,exch_b_10,size_b_10,bid_10,ask_10,size_a_10,exch_a_10,exch_b_11,size_b_11,bid_11,ask_11,size_a_11,exch_a_11
2025-12-06 09:59:01,ARCX,1,454.61,454.64,160,XNMS,XNMS,80,454.68,464.66,3884,ARCX,ARCX,3,454.55,454.69,80.0,EDGX,ARCX,700.0,454.5,454.7,135.0,ARCX,EDGX,80.0,454.45,454.75,I,ARCX,ARCX ARCX,560 198,454.45 454.40,454.78 454.79,I 1,ARCX ARCX,ARCX,21.0,454.35,454.8,2.0,ARCX,ARCX,1.0,454.3,454.81,40.0,BATY,ARCX,21.0,454.25,454.83,6.0,ARCX,ARCX,10.0,454.24,454.84,4.0,ARCX,,,,,,
2025-12-06 09:59:10,ARCX,1,454.61,454.64,160,XNMS,XNMS,80,454.68,464.66,3884,ARCX,ARCX,3,454.55,454.69,80.0,EDGX,ARCX,700.0,454.5,454.7,135.0,ARCX,EDGX,80.0,454.45,454.75,I,ARCX,ARCX ARCX,560 198,454.45 454.40,454.78 454.79,I 1,ARCX ARCX,ARCX,21.0,454.35,454.8,2.0,ARCX,ARCX,1.0,454.3,454.81,40.0,BATY,ARCX,21.0,454.25,454.83,6.0,ARCX,ARCX,10.0,454.24,454.84,4.0,ARCX,,,,,,
2025-12-06 09:59:18,ARCX,1,454.61,454.64,160,XNMS,XNMS,80,454.68,464.66,3884,ARCX,ARCX,3,454.55,454.69,80.0,EDGX,ARCX,700.0,454.5,454.7,135.0,ARCX,EDGX,80.0,454.45,454.75,I,ARCX,ARCX ARCX,560 198,454.45 454.40,454.78 454.79,I 1,ARCX ARCX,ARCX,21.0,454.35,454.8,2.0,ARCX,ARCX,1.0,454.3,454.81,40.0,BATY,ARCX,21.0,454.25,454.83,6.0,ARCX,ARCX,10.0,454.24,454.84,4.0,ARCX,,,,,,
2025-12-06 09:59:26,ARCX,1,454.61,454.64,160,XNMS,XNMS,80,454.68,464.66,3884,ARCX,ARCX,3,454.55,454.69,80.0,EDGX,ARCX,700.0,454.5,454.7,135.0,ARCX,EDGX,80.0,454.45,454.75,I,ARCX,ARCX ARCX,560 198,454.45 454.40,454.78 454.79,I 1,ARCX ARCX,ARCX,21.0,454.35,454.8,2.0,ARCX,ARCX,1.0,454.3,454.81,40.0,BATY,ARCX,21.0,454.25,454.83,6.0,ARCX,ARCX,10.0,454.24,454.84,4.0,ARCX,,,,,,
2025-12-06 09:59:34,ARCX,1,454.61,454.64,160,XNMS,XNMS,80,454.68,464.66,3884,ARCX,ARCX,3,454.55,454.69,80.0,EDGX,ARCX,700.0,454.5,454.7,135.0,ARCX,EDGX,80.0,454.45,454.75,I,ARCX,ARCX ARCX,560 198,454.45 454.40,454.78 454.79,I 1,ARCX ARCX,ARCX,21.0,454.35,454.8,2.0,ARCX,ARCX,1.0,454.3,454.81,40.0,BATY,ARCX,21.0,454.25,454.83,6.0,ARCX,ARCX,10.0,454.24,454.84,4.0,ARCX,,,,,,
2025-12-06 09:59:42,ARCX,1,454.61,454.64,160,XNMS,XNMS,80,454.68,464.66,3884,ARCX,ARCX,3,454.55,454.69,80.0,EDGX,ARCX,700.0,454.5,454.7,135.0,ARCX,EDGX,80.0,454.45,454.75,I,ARCX,ARCX ARCX,560 198,454.45 454.40,454.78 454.79,I 1,ARCX ARCX,ARCX,21.0,454.35,454.8,2.0,ARCX,ARCX,1.0,454.3,454.81,40.0,BATY,ARCX,21.0,454.25,454.83,6.0,ARCX,ARCX,10.0,454.24,454.84,4.0,ARCX,,,,,,
2025-12-06 09:59:51,ARCX,1,454.61,454.64,160,XNMS,XNMS,80,454.68,464.66,3884,ARCX,ARCX,3,454.55,454.69,80.0,EDGX,ARCX,700.0,454.5,454.7,135.0,ARCX,EDGX,80.0,454.45,454.75,I,ARCX,ARCX ARCX,560 198,454.45 454.40,454.78 454.79,I 1,ARCX ARCX,ARCX,21.0,454.35,454.8,2.0,ARCX,ARCX,1.0,454.3,454.81,40.0,BATY,ARCX,21.0,454.25,454.83,6.0,ARCX,ARCX,10.0,454.24,454.84,4.0,ARCX,,,,,,
2025-12-06 09:59:59,ARCX,1,454.61,454.64,160,XNMS,XNMS,80,454.68,464.66,3884,ARCX,ARCX,3,454.55,454.69,80.0,EDGX,ARCX,700.0,454.5,454.7,135.0,ARCX,EDGX,80.0,454.45,454.75,I,ARCX,ARCX ARCX,560 198,454.45 454.40,454.78 454.79,I 1,ARCX ARCX,ARCX,21.0,454.35,454.8,2.0,ARCX,ARCX,1.0,454.3,454.81,40.0,BATY,ARCX,21.0,454.25,454.83,6.0,ARCX,ARCX,10.0,454.24,454.84,4.0,ARCX,,,,,,
2025-12-06 10:00:07,ARCX,1,454.61,454.64,160,XNMS,XNMS,80,454.68,464.66,3884,ARCX,ARCX,3,454.55,454.69,80.0,EDGX,ARCX,700.0,454.5,454.7,135.0,ARCX,EDGX,80.0,454.45,454.75,I,ARCX,ARCX ARCX,560 198,454.45 454.40,454.78 454.79,I 1,ARCX ARCX,ARCX,21.0,454.35,454.8,2.0,ARCX,ARCX,1.0,454.3,454.81,40.0,BATY,ARCX,21.0,454.25,454.83,6.0,ARCX,ARCX,10.0,454.24,454.84,4.0,ARCX,,,,,,
2025-12-06 10:00:15,ARCX,1,454.61,454.64,160,XNMS,XNMS,80,454.68,464.66,3884,ARCX,ARCX,3,454.55,454.69,80.0,EDGX,ARCX,700.0,454.5,454.7,135.0,ARCX,EDGX,80.0,454.45,454.75,I,ARCX,ARCX ARCX,560 198,454.45 454.40,454.78 454.79,I 1,ARCX ARCX,ARCX,21.0,454.35,454.8,2.0,ARCX,ARCX,1.0,454.3,454.81,40.0,BATY,ARCX,21.0,454.25,454.83,6.0,ARCX,ARCX,10.0,454.24,454.84,4.0,ARCX,,,,,,
2025-12-06 10:00:23,ARCX,1,454.61,454.64,160,XNMS,XNMS,80,454.68,464.66,3884,ARCX,ARCX,3,454.55,454.69,80.0,EDGX,ARCX,700.0,454.5,454.7,135.0,ARCX,EDGX,80.0,454.45,454.75,I,ARCX,ARCX ARCX,560 198,454.45 454.40,454.78 454.79,I 1,ARCX ARCX,ARCX,21.0,454.35,454.8,2.0,ARCX,ARCX,1.0,454.3,454.81,40.0,BATY,ARCX,21.0,454.25,454.83,6.0,ARCX,ARCX,10.0,454.24,454.84,4.0,ARCX,,,,,,
2025-12-06 10:00:31,ARCX,1,454.61,454.64,160,XNMS,XNMS,80,454.68,464.66,3884,ARCX,ARCX,3,454.55,454.69,80.0,EDGX,ARCX,700.0,454.5,454.7,135.0,ARCX,EDGX,80.0,454.45,454.75,I,ARCX,ARCX ARCX,560 198,454.45 454.40,454.78 454.79,I 1,ARCX ARCX,ARCX,21.0,454.35,454.8,2.0,ARCX,ARCX,1.0,454.3,454.81,40.0,BATY,ARCX,21.0,454.25,454.83,6.0,ARCX,ARCX,10.0,454.24,454.84,4.0,ARCX,,,,,,
2025-12-06 10:00:39,ARCX,1,454.61,454.64,160,XNMS,XNMS,80,454.68,464.66,3884,ARCX,ARCX,3,454.55,454.69,80.0,EDGX,ARCX,700.0,454.5,454.7,135.0,ARCX,EDGX,80.0,454.45,454.75,I,ARCX,ARCX ARCX,560 198,454.45 454.40,454.78 454.79,I 1,ARCX ARCX,ARCX,21.0,454.35,454.8,2.0,ARCX,ARCX,1.0,454.3,454.81,40.0,BATY,ARCX,21.0,454.25,454.83,6.0,ARCX,ARCX,10.0,454.24,454.84,4.0,ARCX,,,,,,
2025-12-06 10:00:47,ARCX,1,454.61,454.64,160,XNMS,XNMS,80,454.68,464.66,3884,ARCX,ARCX,3,454.55,454.69,80.0,EDGX,ARCX,700.0,454.5,454.7,135.0,ARCX,EDGX,80.0,454.45,454.75,I,ARCX,ARCX ARCX,560 198,454.45 454.40,454.78 454.79,I 1,ARCX ARCX,ARCX,21.0,454.35,454.8,2.0,ARCX,ARCX,1.0,454.3,454.81,40.0,BATY,ARCX,21.0,454.25,454.83,6.0,ARCX,ARCX,10.0,454.24,454.84,4.0,ARCX,,,,,,
2025-12-06 10:00:55,ARCX,1,454.61,454.64,160,XNMS,XNMS,80,454.68,464.66,3884,ARCX,ARCX,3,454.55,454.69,80.0,EDGX,ARCX,700.0,454.5,454.7,135.0,ARCX,EDGX,80.0,454.45,454.75,I,ARCX,ARCX ARCX,560 198,454.45 454.40,454.78 454.79,I 1,ARCX ARCX,ARCX,21.0,454.35,454.8,2.0,ARCX,ARCX,1.0,454.3,454.81,40.0,BATY,ARCX,21.0,454.25,454.83,6.0,ARCX,ARCX,10.0,454.24,454.84,4.0,ARCX,,,,,,
2025-12-06 10:01:03,ARCX,1,454.61,454.64,160,XNMS,XNMS,80,454.68,464.66,3884,ARCX,ARCX,3,454.55,454.69,80.0,EDGX,ARCX,700.0,454.5,454.7,135.0,ARCX,EDGX,80.0,454.45,454.75,I,ARCX,ARCX ARCX,560 198,454.45 454.40,454.78 454.79,I 1,ARCX ARCX,ARCX,21.0,454.35,454.8,2.0,ARCX,ARCX,1.0,454.3,454.81,40.0,BATY,ARCX,21.0,454.25,454.83,6.0,ARCX,ARCX,10.0,454.24,454.84,4.0,ARCX,,,,,,
2025-12-06 10:01:11,ARCX,1,454.61,454.64,160,XNMS,XNMS,80,454.68,464.66,3884,ARCX,ARCX,3,454.55,454.69,80.0,EDGX,ARCX,700.0,454.5,454.7,135.0,ARCX,EDGX,80.0,454.45,454.75,I,ARCX,ARCX ARCX,560 198,454.45 454.40,454.78 454.79,I 1,ARCX ARCX,ARCX,21.0,454.35,454.8,2.0,ARCX,ARCX,1.0,454.3,454.81,40.0,BATY,ARCX,21.0,454.25,454.83,6.0,ARCX,ARCX,10.0,454.24,454.84,4.0,ARCX,,,,,,
2025-12-06 10:01:19,ARCX,1,454.61,454.64,160,XNMS,XNMS,80,454.68,464.66,3884,ARCX,ARCX,3,454.55,454.69,80.0,EDGX,ARCX,700.0,454.5,454.7,135.0,ARCX,EDGX,80.0,454.45,454.75,I,ARCX,ARCX ARCX,560 198,454.45 454.40,454.78 454.79,I 1,ARCX ARCX,ARCX,21.0,454.35,454.8,2.0,ARCX,ARCX,1.0,454.3,454.81,40.0,BATY,ARCX,21.0,454.25,454.83,6.0,ARCX,ARCX,10.0,454.24,454.84,4.0,ARCX,,,,,,
2025-12-06 10:01:27,ARCX,1,454.61,454.64,160,XNMS,XNMS,80,454.68,464.66,3884,ARCX,ARCX,3,454.55,454.69,80.0,EDGX,ARCX,700.0,454.5,454.7,135.0,ARCX,EDGX,80.0,454.45,454.75,I,ARCX,ARCX ARCX,560 198,454.45 454.40,454.78 454.79,I 1,ARCX ARCX,ARCX,21.0,454.35,454.8,2.0,ARCX,ARCX,1.0,454.3,454.81,40.0,BATY,ARCX,21.0,454.25,454.83,6.0,ARCX,ARCX,10.0,454.24,454.84,4.0,ARCX,,,,,,
2025-12-06 10:01:35,ARCX,1,454.61,454.64,160,XNMS,XNMS,80,454.68,464.66,3884,ARCX,ARCX,3,454.55,454.69,80.0,EDGX,ARCX,700.0,454.5,454.7,135.0,ARCX,EDGX,80.0,454.45,454.75,I,ARCX,ARCX ARCX,560 198,454.45 454.40,454.78 454.79,I 1,ARCX ARCX,ARCX,21.0,454.35,454.8,2.0,ARCX,ARCX,1.0,454.3,454.81,40.0,BATY,ARCX,21.0,454.25,454.83,6.0,ARCX,ARCX,10.0,454.24,454.84,4.0,ARCX,,,,,,
2025-12-06 10:01:43,ARCX,1,454.61,454.64,160,XNMS,XNMS,80,454.68,464.66,3884,ARCX,ARCX,3,454.55,454.69,80.0,EDGX,ARCX,700.0,454.5,454.7,135.0,ARCX,EDGX,80.0,454.45,454.75,I,ARCX,ARCX ARCX,560 198,454.45 454.40,454.78 454.79,I 1,ARCX ARCX,ARCX,21.0,454.35,454.8,2.0,ARCX,ARCX,1.0,454.3,454.81,40.0,BATY,ARCX,21.0,454.25,454.83,6.0,ARCX,ARCX,10.0,454.24,454.84,4.0,ARCX,,,,,,
2025-12-06 10:01:51,ARCX,1,454.61,454.64,160,XNMS,XNMS,80,454.68,464.66,3884,ARCX,ARCX,3,454.55,454.69,80.0,EDGX,ARCX,700.0,454.5,454.7,135.0,ARCX,EDGX,80.0,454.45,454.75,I,ARCX,ARCX ARCX,560 198,454.45 454.40,454.78 454.79,I 1,ARCX ARCX,ARCX,21.0,454.35,454.8,2.0,ARCX,ARCX,1.0,454.3,454.81,40.0,BATY,ARCX,21.0,454.25,454.83,6.0,ARCX,ARCX,10.0,454.24,454.84,4.0,ARCX,,,,,,
2025-12-06 10:01:59,ARCX,1,454.61,454.64,160,XNMS,XNMS,80,454.68,464.66,3884,ARCX,ARCX,3,454.55,454.69,80.0,EDGX,ARCX,700.0,454.5,454.7,135.0,ARCX,EDGX,80.0,454.45,454.75,I,ARCX,ARCX ARCX,560 198,454.45 454.40,454.78 454.79,I 1,ARCX ARCX,ARCX,21.0,454.35,454.8,2.0,ARCX,ARCX,1.0,454.3,454.81,40.0,BATY,ARCX,21.0,454.25,454.83,6.0,ARCX,ARCX,10.0,454.24,454.84,4.0,ARCX,,,,,,
2025-12-06 10:02:07,ARCX,1,454.61,454.64,160,XNMS,XNMS,80,454.68,464.66,3884,ARCX,ARCX,3,454.55,454.69,80.0,EDGX,ARCX,700.0,454.5,454.7,135.0,ARCX,EDGX,80.0,454.45,454.75,I,ARCX,ARCX ARCX,560 198,454.45 454.40,454.78 454.79,I 1,ARCX ARCX,ARCX,21.0,454.35,454.8,2.0,ARCX,ARCX,1.0,454.3,454.81,40.0,BATY,ARCX,21.0,454.25,454.83,6.0,ARCX,ARCX,10.0,454.24,454.84,4.0,ARCX,,,,,,
2025-12-06 10:02:15,ARCX,1,454.61,454.64,160,XNMS,XNMS,80,454.68,464.66,3884,ARCX,ARCX,3,454.55,454.69,80.0,EDGX,ARCX,700.0,454.5,454.7,135.0,ARCX,EDGX,80.0,454.45,454.75,I,ARCX,ARCX ARCX,560 198,454.45 454.40,454.78 454.79,I 1,ARCX ARCX,ARCX,21.0,454.35,454.8,2.0,ARCX,ARCX,1.0,454.3,454.81,40.0,BATY,ARCX,21.0,454.25,454.83,6.0,ARCX,ARCX,10.0,454.24,454.84,4.0,ARCX,,,,,,
2025-12-06 10:02:23,ARCX,1,454.61,454.64,160,XNMS,XNMS,80,454.68,464.66,3884,ARCX,ARCX,3,454.55,454.69,80.0,EDGX,ARCX,700.0,454.5,454.7,135.0,ARCX,EDGX,80.0,454.45,454.75,I,ARCX,ARCX ARCX,560 198,454.45 454.40,454.78 454.79,I 1,ARCX ARCX,ARCX,21.0,454.35,454.8,2.0,ARCX,ARCX,1.0,454.3,454.81,40.0,BATY,ARCX,21.0,454.25,454.83,6.0,ARCX,ARCX,10.0,454.24,454.84,4.0,ARCX,,,,,,
2025-12-06 10:02:31,ARCX,1,454.61,454.64,160,XNMS,XNMS,80,454.68,464.66,3884,ARCX,ARCX,3,454.55,454.69,80.0,EDGX,ARCX,700.0,454.5,454.7,135.0,ARCX,EDGX,80.0,454.45,454.75,I,ARCX,ARCX ARCX,560 198,454.45 454.40,454.78 454.79,I 1,ARCX ARCX,ARCX,21.0,454.35,454.8,2.0,ARCX,ARCX,1.0,454.3,454.81,40.0,BATY,ARCX,21.0,454.25,454.83,6.0,ARCX,ARCX,10.0,454.24,454.84,4.0,ARCX,,,,,,
2025-12-06 10:02:39,ARCX,1,454.61,454.64,160,XNMS,XNMS,80,454.68,464.66,3884,ARCX,ARCX,3,454.55,454.69,80.0,EDGX,ARCX,700.0,454.5,454.7,135.0,ARCX,EDGX,80.0,454.45,454.75,I,ARCX,ARCX ARCX,560 198,454.45 454.40,454.78 454.79,I 1,ARCX ARCX,ARCX,21.0,454.35,454.8,2.0,ARCX,ARCX,1.0,454.3,454.81,40.0,BATY,ARCX,21.0,454.25,454.83,6.0,ARCX,ARCX,10.0,454.24,454.84,4.0,ARCX,,,,,,
2025-12-06 10:02:46,ARCX,1,454.61,454.64,160,XNMS,XNMS,80,454.68,464.66,3884,ARCX,ARCX,3,454.55,454.69,80.0,EDGX,ARCX,700.0,454.5,454.7,135.0,ARCX,EDGX,80.0,454.45,454.75,I,ARCX,ARCX ARCX,560 198,454.45 454.40,454.78 454.79,I 1,ARCX ARCX,ARCX,21.0,454.35,454.8,2.0,ARCX,ARCX,1.0,454.3,454.81,40.0,BATY,ARCX,21.0,454.25,454.83,6.0,ARCX,ARCX,10.0,454.24,454.84,4.0,ARCX,,,,,,
2025-12-06 10:02:54,ARCX,1,454.61,454.64,160,XNMS,XNMS,80,454.68,464.66,3884,ARCX,ARCX,3,454.55,454.69,80.0,EDGX,ARCX,700.0,454.5,454.7,135.0,ARCX,EDGX,80.0,454.45,454.75,I,ARCX,ARCX ARCX,560 198,454.45 454.40,454.78 454.79,I 1,ARCX ARCX,ARCX,21.0,454.35,454.8,2.0,ARCX,ARCX,1.0,454.3,454.81,40.0,BATY,ARCX,21.0,454.25,454.83,6.0,ARCX,ARCX,10.0,454.24,454.84,4.0,ARCX,,,,,,
2025-12-06 10:03:03,ARCX,1,454.61,454.64,160,XNMS,XNMS,80,454.68,464.66,3884,ARCX,ARCX,3,454.55,454.69,80.0,EDGX,ARCX,700.0,454.5,454.7,135.0,ARCX,EDGX,80.0,454.45,454.75,I,ARCX,ARCX ARCX,560 198,454.45 454.40,454.78 454.79,I 1,ARCX ARCX,ARCX,21.0,454.35,454.8,2.0,ARCX,ARCX,1.0,454.3,454.81,40.0,BATY,ARCX,21.0,454.25,454.83,6.0,ARCX,ARCX,10.0,454.24,454.84,4.0,ARCX,,,,,,
2025-12-06 10:03:11,ARCX,1,454.61,454.64,160,XNMS,XNMS,80,454.68,464.66,3884,ARCX,ARCX,3,454.55,454.69,80.0,EDGX,ARCX,700.0,454.5,454.7,135.0,ARCX,EDGX,80.0,454.45,454.75,I,ARCX,ARCX ARCX,560 198,454.45 454.40,454.78 454.79,I 1,ARCX ARCX,ARCX,21.0,454.35,454.8,2.0,ARCX,ARCX,1.0,454.3,454.81,40.0,BATY,ARCX,21.0,454.25,454.83,6.0,ARCX,ARCX,10.0,454.24,454.84,4.0,ARCX,,,,,,
2025-12-06 10:03:19,ARCX,1,454.61,454.64,160,XNMS,XNMS,80,454.68,464.66,3884,ARCX,ARCX,3,454.55,454.69,80.0,EDGX,ARCX,700.0,454.5,454.7,135.0,ARCX,EDGX,80.0,454.45,454.75,I,ARCX,ARCX ARCX,560 198,454.45 454.40,454.78 454.79,I 1,ARCX ARCX,ARCX,21.0,454.35,454.8,2.0,ARCX,ARCX,1.0,454.3,454.81,40.0,BATY,ARCX,21.0,454.25,454.83,6.0,ARCX,ARCX,10.0,454.24,454.84,4.0,ARCX,,,,,,
2025-12-06 10:03:27,ARCX,1,454.61,454.64,160,XNMS,XNMS,80,454.68,464.66,3884,ARCX,ARCX,3,454.55,454.69,80.0,EDGX,ARCX,700.0,454.5,454.7,135.0,ARCX,EDGX,80.0,454.45,454.75,I,ARCX,ARCX ARCX,560 198,454.45 454.40,454.78 454.79,I 1,ARCX ARCX,ARCX,21.0,454.35,454.8,2.0,ARCX,ARCX,1.0,454.3,454.81,40.0,BATY,ARCX,21.0,454.25,454.83,6.0,ARCX,ARCX,10.0,454.24,454.84,4.0,ARCX,,,,,,
2025-12-06 10:03:35,ARCX,1,454.61,454.64,160,XNMS,XNMS,80,454.68,464.66,3884,ARCX,ARCX,3,454.55,454.69,80.0,EDGX,ARCX,700.0,454.5,454.7,135.0,ARCX,EDGX,80.0,454.45,454.75,I,ARCX,ARCX ARCX,560 198,454.45 454.40,454.78 454.79,I 1,ARCX ARCX,ARCX,21.0,454.35,454.8,2.0,ARCX,ARCX,1.0,454.3,454.81,40.0,BATY,ARCX,21.0,454.25,454.83,6.0,ARCX,ARCX,10.0,454.24,454.84,4.0,ARCX,,,,,,
2025-12-06 10:03:43,ARCX,1,454.61,454.64,160,XNMS,XNMS,80,454.68,464.66,3884,ARCX,ARCX,3,454.55,454.69,80.0,EDGX,ARCX,700.0,454.5,454.7,135.0,ARCX,EDGX,80.0,454.45,454.75,I,ARCX,ARCX ARCX,560 198,454.45 454.40,454.78 454.79,I 1,ARCX ARCX,ARCX,21.0,454.35,454.8,2.0,ARCX,ARCX,1.0,454.3,454.81,40.0,BATY,ARCX,21.0,454.25,454.83,6.0,ARCX,ARCX,10.0,454.24,454.84,4.0,ARCX,,,,,,
2025-12-06 10:03:52,ARCX,1,454.61,454.64,160,XNMS,XNMS,80,454.68,464.66,3884,ARCX,ARCX,3,454.55,454.69,80.0,EDGX,ARCX,700.0,454.5,454.7,135.0,ARCX,EDGX,80.0,454.45,454.75,I,ARCX,ARCX ARCX,560 198,454.45 454.40,454.78 454.79,I 1,ARCX ARCX,ARCX,21.0,454.35,454.8,2.0,ARCX,ARCX,1.0,454.3,454.81,40.0,BATY,ARCX,21.0,454.25,454.83,6.0,ARCX,ARCX,10.0,454.24,454.84,4.0,ARCX,,,,,,
2025-12-06 10:03:59,ARCX,1,454.61,454.64,160,XNMS,XNMS,80,454.68,464.66,3884,ARCX,ARCX,3,454.55,454.69,80.0,EDGX,ARCX,700.0,454.5,454.7,135.0,ARCX,EDGX,80.0,454.45,454.75,I,ARCX,ARCX ARCX,560 198,454.45 454.40,454.78 454.79,I 1,ARCX ARCX,ARCX,21.0,454.35,454.8,2.0,ARCX,ARCX,1.0,454.3,454.81,40.0,BATY,ARCX,21.0,454.25,454.83,6.0,ARCX,ARCX,10.0,454.24,454.84,4.0,ARCX,,,,,,
2025-12-06 10:04:07,ARCX,1,454.61,454.64,160,XNMS,XNMS,80,454.68,464.66,3884,ARCX,ARCX,3,454.55,454.69,80.0,EDGX,ARCX,700.0,454.5,454.7,135.0,ARCX,EDGX,80.0,454.45,454.75,I,ARCX,ARCX ARCX,560 198,454.45 454.40,454.78 454.79,I 1,ARCX ARCX,ARCX,21.0,454.35,454.8,2.0,ARCX,ARCX,1.0,454.3,454.81,40.0,BATY,ARCX,21.0,454.25,454.83,6.0,ARCX,ARCX,10.0,454.24,454.84,4.0,ARCX,,,,,,
2025-12-06 10:04:16,ARCX,1,454.61,454.64,160,XNMS,XNMS,80,454.68,464.66,3884,ARCX,ARCX,3,454.55,454.69,80.0,EDGX,ARCX,700.0,454.5,454.7,135.0,ARCX,EDGX,80.0,454.45,454.75,I,ARCX,ARCX ARCX,560 198,454.45 454.40,454.78 454.79,I 1,ARCX ARCX,ARCX,21.0,454.35,454.8,2.0,ARCX,ARCX,1.0,454.3,454.81,40.0,BATY,ARCX,21.0,454.25,454.83,6.0,ARCX,ARCX,10.0,454.24,454.84,4.0,ARCX,,,,,,
2025-12-06 10:04:24,ARCX,1,454.61,454.64,160,XNMS,XNMS,80,454.68,464.66,3884,ARCX,ARCX,3,454.55,454.69,80.0,EDGX,ARCX,700.0,454.5,454.7,135.0,ARCX,EDGX,80.0,454.45,454.75,I,ARCX,ARCX ARCX,560 198,454.45 454.40,454.78 454.79,I 1,ARCX ARCX,ARCX,21.0,454.35,454.8,2.0,ARCX,ARCX,1.0,454.3,454.81,40.0,BATY,ARCX,21.0,454.25,454.83,6.0,ARCX,ARCX,10.0,454.24,454.84,4.0,ARCX,,,,,,
2025-12-06 10:04:32,ARCX,1,454.61,454.64,160,XNMS,XNMS,80,454.68,464.66,3884,ARCX,ARCX,3,454.55,454.69,80.0,EDGX,ARCX,700.0,454.5,454.7,135.0,ARCX,EDGX,80.0,454.45,454.75,I,ARCX,ARCX ARCX,560 198,454.45 454.40,454.78 454.79,I 1,ARCX ARCX,ARCX,21.0,454.35,454.8,2.0,ARCX,ARCX,1.0,454.3,454.81,40.0,BATY,ARCX,21.0,454.25,454.83,6.0,ARCX,ARCX,10.0,454.24,454.84,4.0,ARCX,,,,,,
2025-12-06 10:04:40,ARCX,1,454.61,454.64,160,XNMS,XNMS,80,454.68,464.66,3884,ARCX,ARCX,3,454.55,454.69,80.0,EDGX,ARCX,700.0,454.5,454.7,135.0,ARCX,EDGX,80.0,454.45,454.75,I,ARCX,ARCX ARCX,560 198,454.45 454.40,454.78 454.79,I 1,ARCX ARCX,ARCX,21.0,454.35,454.8,2.0,ARCX,ARCX,1.0,454.3,454.81,40.0,BATY,ARCX,21.0,454.25,454.83,6.0,ARCX,ARCX,10.0,454.24,454.84,4.0,ARCX,,,,,,
2025-12-06 10:04:47,ARCX,1,454.61,454.64,160,XNMS,XNMS,80,454.68,464.66,3884,ARCX,ARCX,3,454.55,454.69,80.0,EDGX,ARCX,700.0,454.5,454.7,135.0,ARCX,EDGX,80.0,454.45,454.75,I,ARCX,ARCX ARCX,560 198,454.45 454.40,454.78 454.79,I 1,ARCX ARCX,ARCX,21.0,454.35,454.8,2.0,ARCX,ARCX,1.0,454.3,454.81,40.0,BATY,ARCX,21.0,454.25,454.83,6.0,ARCX,ARCX,10.0,454.24,454.84,4.0,ARCX,,,,,,
2025-12-06 10:04:55,ARCX,1,454.61,454.64,160,XNMS,XNMS,80,454.68,464.66,3884,ARCX,ARCX,3,454.55,454.69,80.0,EDGX,ARCX,700.0,454.5,454.7,135.0,ARCX,EDGX,80.0,454.45,454.75,I,ARCX,ARCX ARCX,560 198,454.45 454.40,454.78 454.79,I 1,ARCX ARCX,ARCX,21.0,454.35,454.8,2.0,ARCX,ARCX,1.0,454.3,454.81,40.0,BATY,ARCX,21.0,454.25,454.83,6.0,ARCX,ARCX,10.0,454.24,454.84,4.0,ARCX,,,,,,
2025-12-06 10:05:03,ARCX,1,454.61,454.64,160,XNMS,XNMS,80,454.68,464.66,3884,ARCX,ARCX,3,454.55,454.69,80.0,EDGX,ARCX,700.0,454.5,454.7,135.0,ARCX,EDGX,80.0,454.45,454.75,I,ARCX,ARCX ARCX,560 198,454.45 454.40,454.78 454.79,I 1,ARCX ARCX,ARCX,21.0,454.35,454.8,2.0,ARCX,ARCX,1.0,454.3,454.81,40.0,BATY,ARCX,21.0,454.25,454.83,6.0,ARCX,ARCX,10.0,454.24,454.84,4.0,ARCX,,,,,,
2025-12-06 10:05:11,ARCX,1,454.61,454.64,160,XNMS,XNMS,80,454.68,464.66,3884,ARCX,ARCX,3,454.55,454.69,80.0,EDGX,ARCX,700.0,454.5,454.7,135.0,ARCX,EDGX,80.0,454.45,454.75,I,ARCX,ARCX ARCX,560 198,454.45 454.40,454.78 454.79,I 1,ARCX ARCX,ARCX,21.0,454.35,454.8,2.0,ARCX,ARCX,1.0,454.3,454.81,40.0,BATY,ARCX,21.0,454.25,454.83,6.0,ARCX,ARCX,10.0,454.24,454.84,4.0,ARCX,,,,,,
2025-12-06 10:05:19,ARCX,1,454.61,454.64,160,XNMS,XNMS,80,454.68,464.66,3884,ARCX,ARCX,3,454.55,454.69,80.0,EDGX,ARCX,700.0,454.5,454.7,135.0,ARCX,EDGX,80.0,454.45,454.75,I,ARCX,ARCX ARCX,560 198,454.45 454.40,454.78 454.79,I 1,ARCX ARCX,ARCX,21.0,454.35,454.8,2.0,ARCX,ARCX,1.0,454.3,454.81,40.0,BATY,ARCX,21.0,454.25,454.83,6.0,ARCX,ARCX,10.0,454.24,454.84,4.0,ARCX,,,,,,
2025-12-06 10:05:27,ARCX,1,454.61,454.64,160,XNMS,XNMS,80,454.68,464.66,3884,ARCX,ARCX,3,454.55,454.69,80.0,EDGX,ARCX,700.0,454.5,454.7,135.0,ARCX,EDGX,80.0,454.45,454.75,I,ARCX,ARCX ARCX,560 198,454.45 454.40,454.78 454.79,I 1,ARCX ARCX,ARCX,21.0,454.35,454.8,2.0,ARCX,ARCX,1.0,454.3,454.81,40.0,BATY,ARCX,21.0,454.25,454.83,6.0,ARCX,ARCX,10.0,454.24,454.84,4.0,ARCX,,,,,,
2025-12-06 10:05:34,ARCX,1,454.61,454.64,160,XNMS,XNMS,80,454.68,464.66,3884,ARCX,ARCX,3,454.55,454.69,80.0,EDGX,ARCX,700.0,454.5,454.7,135.0,ARCX,EDGX,80.0,454.45,454.75,I,ARCX,ARCX ARCX,560 198,454.45 454.40,454.78 454.79,I 1,ARCX ARCX,ARCX,21.0,454.35,454.8,2.0,ARCX,ARCX,1.0,454.3,454.81,40.0,BATY,ARCX,21.0,454.25,454.83,6.0,ARCX,ARCX,10.0,454.24,454.84,4.0,ARCX,,,,,,
2025-12-06 10:05:43,ARCX,1,454.61,454.64,160,XNMS,XNMS,80,454.68,464.66,3884,ARCX,ARCX,3,454.55,454.69,80.0,EDGX,ARCX,700.0,454.5,454.7,135.0,ARCX,EDGX,80.0,454.45,454.75,I,ARCX,ARCX ARCX,560 198,454.45 454.40,454.78 454.79,I 1,ARCX ARCX,ARCX,21.0,454.35,454.8,2.0,ARCX,ARCX,1.0,454.3,454.81,40.0,BATY,ARCX,21.0,454.25,454.83,6.0,ARCX,ARCX,10.0,454.24,454.84,4.0,ARCX,,,,,,
2025-12-06 10:05:50,ARCX,1,454.61,454.64,160,XNMS,XNMS,80,454.68,464.66,3884,ARCX,ARCX,3,454.55,454.69,80.0,EDGX,ARCX,700.0,454.5,454.7,135.0,ARCX,EDGX,80.0,454.45,454.75,I,ARCX,ARCX ARCX,560 198,454.45 454.40,454.78 454.79,I 1,ARCX ARCX,ARCX,21.0,454.35,454.8,2.0,ARCX,ARCX,1.0,454.3,454.81,40.0,BATY,ARCX,21.0,454.25,454.83,6.0,ARCX,ARCX,10.0,454.24,454.84,4.0,ARCX,,,,,,
2025-12-06 10:05:58,ARCX,1,454.61,454.64,160,XNMS,XNMS,80,454.68,464.66,3884,ARCX,ARCX,3,454.55,454.69,80.0,EDGX,ARCX,700.0,454.5,454.7,135.0,ARCX,EDGX,80.0,454.45,454.75,I,ARCX,ARCX ARCX,560 198,454.45 454.40,454.78 454.79,I 1,ARCX ARCX,ARCX,21.0,454.35,454.8,2.0,ARCX,ARCX,1.0,454.3,454.81,40.0,BATY,ARCX,21.0,454.25,454.83,6.0,ARCX,ARCX,10.0,454.24,454.84,4.0,ARCX,,,,,,
2025-12-06 10:06:05,ARCX,1,454.61,454.64,160,XNMS,XNMS,80,454.68,464.66,3884,ARCX,ARCX,3,454.55,454.69,80.0,EDGX,ARCX,700.0,454.5,454.7,135.0,ARCX,EDGX,80.0,454.45,454.75,I,ARCX,ARCX ARCX,560 198,454.45 454.40,454.78 454.79,I 1,ARCX ARCX,ARCX,21.0,454.35,454.8,2.0,ARCX,ARCX,1.0,454.3,454.81,40.0,BATY,ARCX,21.0,454.25,454.83,6.0,ARCX,ARCX,10.0,454.24,454.84,4.0,ARCX,,,,,,
2025-12-06 10:06:13,ARCX,1,454.61,454.64,160,XNMS,XNMS,80,454.68,464.66,3884,ARCX,ARCX,3,454.55,454.69,80.0,EDGX,ARCX,700.0,454.5,454.7,135.0,ARCX,EDGX,80.0,454.45,454.75,I,ARCX,ARCX ARCX,560 198,454.45 454.40,454.78 454.79,I 1,ARCX ARCX,ARCX,21.0,454.35,454.8,2.0,ARCX,ARCX,1.0,454.3,454.81,40.0,BATY,ARCX,21.0,454.25,454.83,6.0,ARCX,ARCX,10.0,454.24,454.84,4.0,ARCX,,,,,,
2025-12-06 10:06:20,ARCX,1,454.61,454.64,160,XNMS,XNMS,80,454.68,464.66,3884,ARCX,ARCX,3,454.55,454.69,80.0,EDGX,ARCX,700.0,454.5,454.7,135.0,ARCX,EDGX,80.0,454.45,454.75,I,ARCX,ARCX ARCX,560 198,454.45 454.40,454.78 454.79,I 1,ARCX ARCX,ARCX,21.0,454.35,454.8,2.0,ARCX,ARCX,1.0,454.3,454.81,40.0,BATY,ARCX,21.0,454.25,454.83,6.0,ARCX,ARCX,10.0,454.24,454.84,4.0,ARCX,,,,,,
2025-12-06 10:06:28,ARCX,1,454.61,454.64,160,XNMS,XNMS,80,454.68,464.66,3884,ARCX,ARCX,3,454.55,454.69,80.0,EDGX,ARCX,700.0,454.5,454.7,135.0,ARCX,EDGX,80.0,454.45,454.75,I,ARCX,ARCX ARCX,560 198,454.45 454.40,454.78 454.79,I 1,ARCX ARCX,ARCX,21.0,454.35,454.8,2.0,ARCX,ARCX,1.0,454.3,454.81,40.0,BATY,ARCX,21.0,454.25,454.83,6.0,ARCX,ARCX,10.0,454.24,454.84,4.0,ARCX,,,,,,
2025-12-06 10:06:36,ARCX,1,454.61,454.64,160,XNMS,XNMS,80,454.68,464.66,3884,ARCX,ARCX,3,454.55,454.69,80.0,EDGX,ARCX,700.0,454.5,454.7,135.0,ARCX,EDGX,80.0,454.45,454.75,I,ARCX,ARCX ARCX,560 198,454.45 454.40,454.78 454.79,I 1,ARCX ARCX,ARCX,21.0,454.35,454.8,2.0,ARCX,ARCX,1.0,454.3,454.81,40.0,BATY,ARCX,21.0,454.25,454.83,6.0,ARCX,ARCX,10.0,454.24,454.84,4.0,ARCX,,,,,,
2025-12-06 10:06:44,ARCX,1,454.61,454.64,160,XNMS,XNMS,80,454.68,464.66,3884,ARCX,ARCX,3,454.55,454.69,80.0,EDGX,ARCX,700.0,454.5,454.7,135.0,ARCX,EDGX,80.0,454.45,454.75,I,ARCX,ARCX ARCX,560 198,454.45 454.40,454.78 454.79,I 1,ARCX ARCX,ARCX,21.0,454.35,454.8,2.0,ARCX,ARCX,1.0,454.3,454.81,40.0,BATY,ARCX,21.0,454.25,454.83,6.0,ARCX,ARCX,10.0,454.24,454.84,4.0,ARCX,,,,,,
2025-12-06 10:06:52,ARCX,1,454.61,454.64,160,XNMS,XNMS,80,454.68,464.66,3884,ARCX,ARCX,3,454.55,454.69,80.0,EDGX,ARCX,700.0,454.5,454.7,135.0,ARCX,EDGX,80.0,454.45,454.75,I,ARCX,ARCX ARCX,560 198,454.45 454.40,454.78 454.79,I 1,ARCX ARCX,ARCX,21.0,454.35,454.8,2.0,ARCX,ARCX,1.0,454.3,454.81,40.0,BATY,ARCX,21.0,454.25,454.83,6.0,ARCX,ARCX,10.0,454.24,454.84,4.0,ARCX,,,,,,
2025-12-06 10:07:01,ARCX,1,454.61,454.64,160,XNMS,XNMS,80,454.68,464.66,3884,ARCX,ARCX,3,454.55,454.69,80.0,EDGX,ARCX,700.0,454.5,454.7,135.0,ARCX,EDGX,80.0,454.45,454.75,I,ARCX,ARCX ARCX,560 198,454.45 454.40,454.78 454.79,I 1,ARCX ARCX,ARCX,21.0,454.35,454.8,2.0,ARCX,ARCX,1.0,454.3,454.81,40.0,BATY,ARCX,21.0,454.25,454.83,6.0,ARCX,ARCX,10.0,454.24,454.84,4.0,ARCX,,,,,,
2025-12-06 10:07:10,ARCX,1,454.61,454.64,160,XNMS,XNMS,80,454.68,464.66,3884,ARCX,ARCX,3,454.55,454.69,80.0,EDGX,ARCX,700.0,454.5,454.7,135.0,ARCX,EDGX,80.0,454.45,454.75,I,ARCX,ARCX ARCX,560 198,454.45 454.40,454.78 454.79,I 1,ARCX ARCX,ARCX,21.0,454.35,454.8,2.0,ARCX,ARCX,1.0,454.3,454.81,40.0,BATY,ARCX,21.0,454.25,454.83,6.0,ARCX,ARCX,10.0,454.24,454.84,4.0,ARCX,,,,,,
2025-12-06 10:07:19,ARCX,1,454.61,454.64,160,XNMS,XNMS,80,454.68,464.66,3884,ARCX,ARCX,3,454.55,454.69,80.0,EDGX,ARCX,700.0,454.5,454.7,135.0,ARCX,EDGX,80.0,454.45,454.75,I,ARCX,ARCX ARCX,560 198,454.45 454.40,454.78 454.79,I 1,ARCX ARCX,ARCX,21.0,454.35,454.8,2.0,ARCX,ARCX,1.0,454.3,454.81,40.0,BATY,ARCX,21.0,454.25,454.83,6.0,ARCX,ARCX,10.0,454.24,454.84,4.0,ARCX,,,,,,
2025-12-06 10:07:27,ARCX,1,454.61,454.64,160,XNMS,XNMS,80,454.68,464.66,3884,ARCX,ARCX,3,454.55,454.69,80.0,EDGX,ARCX,700.0,454.5,454.7,135.0,ARCX,EDGX,80.0,454.45,454.75,I,ARCX,ARCX ARCX,560 198,454.45 454.40,454.78 454.79,I 1,ARCX ARCX,ARCX,21.0,454.35,454.8,2.0,ARCX,ARCX,1.0,454.3,454.81,40.0,BATY,ARCX,21.0,454.25,454.83,6.0,ARCX,ARCX,10.0,454.24,454.84,4.0,ARCX,,,,,,
2025-12-06 10:07:36,ARCX,1,454.61,454.64,160,XNMS,XNMS,80,454.68,464.66,3884,ARCX,ARCX,3,454.55,454.69,80.0,EDGX,ARCX,700.0,454.5,454.7,135.0,ARCX,EDGX,80.0,454.45,454.75,I,ARCX,ARCX ARCX,560 198,454.45 454.40,454.78 454.79,I 1,ARCX ARCX,ARCX,21.0,454.35,454.8,2.0,ARCX,ARCX,1.0,454.3,454.81,40.0,BATY,ARCX,21.0,454.25,454.83,6.0,ARCX,ARCX,10.0,454.24,454.84,4.0,ARCX,,,,,,
2025-12-06 10:07:45,ARCX,1,454.61,454.64,160,XNMS,XNMS,80,454.68,464.66,3884,ARCX,ARCX,3,454.55,454.69,80.0,EDGX,ARCX,700.0,454.5,454.7,135.0,ARCX,EDGX,80.0,454.45,454.75,I,ARCX,ARCX ARCX,560 198,454.45 454.40,454.78 454.79,I 1,ARCX ARCX,ARCX,21.0,454.35,454.8,2.0,ARCX,ARCX,1.0,454.3,454.81,40.0,BATY,ARCX,21.0,454.25,454.83,6.0,ARCX,ARCX,10.0,454.24,454.84,4.0,ARCX,,,,,,
2025-12-06 10:07:54,ARCX,1,454.61,454.64,160,XNMS,XNMS,80,454.68,464.66,3884,ARCX,ARCX,3,454.55,454.69,80.0,EDGX,ARCX,700.0,454.5,454.7,135.0,ARCX,EDGX,80.0,454.45,454.75,I,ARCX,ARCX ARCX,560 198,454.45 454.40,454.78 454.79,I 1,ARCX ARCX,ARCX,21.0,454.35,454.8,2.0,ARCX,ARCX,1.0,454.3,454.81,40.0,BATY,ARCX,21.0,454.25,454.83,6.0,ARCX,ARCX,10.0,454.24,454.84,4.0,ARCX,,,,,,
2025-12-06 10:08:03,ARCX,1,454.61,454.64,160,XNMS,XNMS,80,454.68,464.66,3884,ARCX,ARCX,3,454.55,454.69,80.0,EDGX,ARCX,700.0,454.5,454.7,135.0,ARCX,EDGX,80.0,454.45,454.75,I,ARCX,ARCX ARCX,560 198,454.45 454.40,454.78 454.79,I 1,ARCX ARCX,ARCX,21.0,454.35,454.8,2.0,ARCX,ARCX,1.0,454.3,454.81,40.0,BATY,ARCX,21.0,454.25,454.83,6.0,ARCX,ARCX,10.0,454.24,454.84,4.0,ARCX,,,,,,
2025-12-06 10:08:11,ARCX,1,454.61,454.64,160,XNMS,XNMS,80,454.68,464.66,3884,ARCX,ARCX,3,454.55,454.69,80.0,EDGX,ARCX,700.0,454.5,454.7,135.0,ARCX,EDGX,80.0,454.45,454.75,I,ARCX,ARCX ARCX,560 198,454.45 454.40,454.78 454.79,I 1,ARCX ARCX,ARCX,21.0,454.35,454.8,2.0,ARCX,ARCX,1.0,454.3,454.81,40.0,BATY,ARCX,21.0,454.25,454.83,6.0,ARCX,ARCX,10.0,454.24,454.84,4.0,ARCX,,,,,,
2025-12-06 10:08:19,ARCX,1,454.61,454.64,160,XNMS,XNMS,80,454.68,464.66,3884,ARCX,ARCX,3,454.55,454.69,80.0,EDGX,ARCX,700.0,454.5,454.7,135.0,ARCX,EDGX,80.0,454.45,454.75,I,ARCX,ARCX ARCX,560 198,454.45 454.40,454.78 454.79,I 1,ARCX ARCX,ARCX,21.0,454.35,454.8,2.0,ARCX,ARCX,1.0,454.3,454.81,40.0,BATY,ARCX,21.0,454.25,454.83,6.0,ARCX,ARCX,10.0,454.24,454.84,4.0,ARCX,,,,,,
2025-12-06 10:08:29,ARCX,1,454.61,454.64,160,XNMS,XNMS,80,454.68,464.66,3884,ARCX,ARCX,3,454.55,454.69,80.0,EDGX,ARCX,700.0,454.5,454.7,135.0,ARCX,EDGX,80.0,454.45,454.75,I,ARCX,ARCX ARCX,560 198,454.45 454.40,454.78 454.79,I 1,ARCX ARCX,ARCX,21.0,454.35,454.8,2.0,ARCX,ARCX,1.0,454.3,454.81,40.0,BATY,ARCX,21.0,454.25,454.83,6.0,ARCX,ARCX,10.0,454.24,454.84,4.0,ARCX,,,,,,
2025-12-06 10:08:38,ARCX,1,454.61,454.64,160,XNMS,XNMS,80,454.68,464.66,3884,ARCX,ARCX,3,454.55,454.69,80.0,EDGX,ARCX,700.0,454.5,454.7,135.0,ARCX,EDGX,80.0,454.45,454.75,I,ARCX,ARCX ARCX,560 198,454.45 454.40,454.78 454.79,I 1,ARCX ARCX,ARCX,21.0,454.35,454.8,2.0,ARCX,ARCX,1.0,454.3,454.81,40.0,BATY,ARCX,21.0,454.25,454.83,6.0,ARCX,ARCX,10.0,454.24,454.84,4.0,ARCX,,,,,,
2025-12-06 10:08:47,ARCX,1,454.61,454.64,160,XNMS,XNMS,80,454.68,464.66,3884,ARCX,ARCX,3,454.55,454.69,80.0,EDGX,ARCX,700.0,454.5,454.7,135.0,ARCX,EDGX,80.0,454.45,454.75,I,ARCX,ARCX ARCX,560 198,454.45 454.40,454.78 454.79,I 1,ARCX ARCX,ARCX,21.0,454.35,454.8,2.0,ARCX,ARCX,1.0,454.3,454.81,40.0,BATY,ARCX,21.0,454.25,454.83,6.0,ARCX,ARCX,10.0,454.24,454.84,4.0,ARCX,,,,,,
2025-12-06 10:08:55,ARCX,1,454.61,454.64,160,XNMS,XNMS,80,454.68,464.66,3884,ARCX,ARCX,3,454.55,454.69,80.0,EDGX,ARCX,700.0,454.5,454.7,135.0,ARCX,EDGX,80.0,454.45,454.75,I,ARCX,ARCX ARCX,560 198,454.45 454.40,454.78 454.79,I 1,ARCX ARCX,ARCX,21.0,454.35,454.8,2.0,ARCX,ARCX,1.0,454.3,454.81,40.0,BATY,ARCX,21.0,454.25,454.83,6.0,ARCX,ARCX,10.0,454.24,454.84,4.0,ARCX,,,,,,
2025-12-06 10:09:04,ARCX,1,454.61,454.64,160,XNMS,XNMS,80,454.68,464.66,3884,ARCX,ARCX,3,454.55,454.69,80.0,EDGX,ARCX,700.0,454.5,454.7,135.0,ARCX,EDGX,80.0,454.45,454.75,I,ARCX,ARCX ARCX,560 198,454.45 454.40,454.78 454.79,I 1,ARCX ARCX,ARCX,21.0,454.35,454.8,2.0,ARCX,ARCX,1.0,454.3,454.81,40.0,BATY,ARCX,21.0,454.25,454.83,6.0,ARCX,ARCX,10.0,454.24,454.84,4.0,ARCX,,,,,,
2025-12-06 10:09:12,ARCX,1,454.61,454.64,160,XNMS,XNMS,80,454.68,464.66,3884,ARCX,ARCX,3,454.55,454.69,80.0,EDGX,ARCX,700.0,454.5,454.7,135.0,ARCX,EDGX,80.0,454.45,454.75,I,ARCX,ARCX ARCX,560 198,454.45 454.40,454.78 454.79,I 1,ARCX ARCX,ARCX,21.0,454.35,454.8,2.0,ARCX,ARCX,1.0,454.3,454.81,40.0,BATY,ARCX,21.0,454.25,454.83,6.0,ARCX,ARCX,10.0,454.24,454.84,4.0,ARCX,,,,,,
2025-12-06 10:09:20,ARCX,1,454.61,454.64,160,XNMS,XNMS,80,454.68,464.66,3884,ARCX,ARCX,3,454.55,454.69,80.0,EDGX,ARCX,700.0,454.5,454.7,135.0,ARCX,EDGX,80.0,454.45,454.75,I,ARCX,ARCX ARCX,560 198,454.45 454.40,454.78 454.79,I 1,ARCX ARCX,ARCX,21.0,454.35,454.8,2.0,ARCX,ARCX,1.0,454.3,454.81,40.0,BATY,ARCX,21.0,454.25,454.83,6.0,ARCX,ARCX,10.0,454.24,454.84,4.0,ARCX,,,,,,
2025-12-06 10:09:28,ARCX,1,454.61,454.64,160,XNMS,XNMS,80,454.68,464.66,3884,ARCX,ARCX,3,454.55,454.69,80.0,EDGX,ARCX,700.0,454.5,454.7,135.0,ARCX,EDGX,80.0,454.45,454.75,I,ARCX,ARCX ARCX,560 198,454.45 454.40,454.78 454.79,I 1,ARCX ARCX,ARCX,21.0,454.35,454.8,2.0,ARCX,ARCX,1.0,454.3,454.81,40.0,BATY,ARCX,21.0,454.25,454.83,6.0,ARCX,ARCX,10.0,454.24,454.84,4.0,ARCX,,,,,,
2025-12-06 10:09:36,ARCX,1,454.61,454.64,160,XNMS,XNMS,80,454.68,464.66,3884,ARCX,ARCX,3,454.55,454.69,80.0,EDGX,ARCX,700.0,454.5,454.7,135.0,ARCX,EDGX,80.0,454.45,454.75,I,ARCX,ARCX ARCX,560 198,454.45 454.40,454.78 454.79,I 1,ARCX ARCX,ARCX,21.0,454.35,454.8,2.0,ARCX,ARCX,1.0,454.3,454.81,40.0,BATY,ARCX,21.0,454.25,454.83,6.0,ARCX,ARCX,10.0,454.24,454.84,4.0,ARCX,,,,,,
2025-12-06 10:09:44,ARCX,1,454.61,454.64,160,XNMS,XNMS,80,454.68,464.66,3884,ARCX,ARCX,3,454.55,454.69,80.0,EDGX,ARCX,700.0,454.5,454.7,135.0,ARCX,EDGX,80.0,454.45,454.75,I,ARCX,ARCX ARCX,560 198,454.45 454.40,454.78 454.79,I 1,ARCX ARCX,ARCX,21.0,454.35,454.8,2.0,ARCX,ARCX,1.0,454.3,454.81,40.0,BATY,ARCX,21.0,454.25,454.83,6.0,ARCX,ARCX,10.0,454.24,454.84,4.0,ARCX,,,,,,
2025-12-06 10:09:52,ARCX,1,454.61,454.64,160,XNMS,XNMS,80,454.68,464.66,3884,ARCX,ARCX,3,454.55,454.69,80.0,EDGX,ARCX,700.0,454.5,454.7,135.0,ARCX,EDGX,80.0,454.45,454.75,I,ARCX,ARCX ARCX,560 198,454.45 454.40,454.78 454.79,I 1,ARCX ARCX,ARCX,21.0,454.35,454.8,2.0,ARCX,ARCX,1.0,454.3,454.81,40.0,BATY,ARCX,21.0,454.25,454.83,6.0,ARCX,ARCX,10.0,454.24,454.84,4.0,ARCX,,,,,,
2025-12-06 10:10:00,ARCX,1,454.61,454.64,160,XNMS,XNMS,80,454.68,464.66,3884,ARCX,ARCX,3,454.55,454.69,80.0,EDGX,ARCX,700.0,454.5,454.7,135.0,ARCX,EDGX,80.0,454.45,454.75,I,ARCX,ARCX ARCX,560 198,454.45 454.40,454.78 454.79,I 1,ARCX ARCX,ARCX,21.0,454.35,454.8,2.0,ARCX,ARCX,1.0,454.3,454.81,40.0,BATY,ARCX,21.0,454.25,454.83,6.0,ARCX,ARCX,10.0,454.24,454.84,4.0,ARCX,,,,,,
2025-12-06 10:10:08,ARCX,1,454.61,454.64,160,XNMS,XNMS,80,454.68,464.66,3884,ARCX,ARCX,3,454.55,454.69,80.0,EDGX,ARCX,700.0,454.5,454.7,135.0,ARCX,EDGX,80.0,454.45,454.75,I,ARCX,ARCX ARCX,560 198,454.45 454.40,454.78 454.79,I 1,ARCX ARCX,ARCX,21.0,454.35,454.8,2.0,ARCX,ARCX,1.0,454.3,454.81,40.0,BATY,ARCX,21.0,454.25,454.83,6.0,ARCX,ARCX,10.0,454.24,454.84,4.0,ARCX,,,,,,
2025-12-06 10:10:15,ARCX,1,454.61,454.64,160,XNMS,XNMS,80,454.68,464.66,3884,ARCX,ARCX,3,454.55,454.69,80.0,EDGX,ARCX,700.0,454.5,454.7,135.0,ARCX,EDGX,80.0,454.45,454.75,I,ARCX,ARCX ARCX,560 198,454.45 454.40,454.78 454.79,I 1,ARCX ARCX,ARCX,21.0,454.35,454.8,2.0,ARCX,ARCX,1.0,454.3,454.81,40.0,BATY,ARCX,21.0,454.25,454.83,6.0,ARCX,ARCX,10.0,454.24,454.84,4.0,ARCX,,,,,,
2025-12-06 10:10:23,ARCX,1,454.61,454.64,160,XNMS,XNMS,80,454.68,464.66,3884,ARCX,ARCX,3,454.55,454.69,80.0,EDGX,ARCX,700.0,454.5,454.7,135.0,ARCX,EDGX,80.0,454.45,454.75,I,ARCX,ARCX ARCX,560 198,454.45 454.40,454.78 454.79,I 1,ARCX ARCX,ARCX,21.0,454.35,454.8,2.0,ARCX,ARCX,1.0,454.3,454.81,40.0,BATY,ARCX,21.0,454.25,454.83,6.0,ARCX,ARCX,10.0,454.24,454.84,4.0,ARCX,,,,,,
2025-12-06 10:10:31,ARCX,1,454.61,454.64,160,XNMS,XNMS,80,454.68,464.66,3884,ARCX,ARCX,3,454.55,454.69,80.0,EDGX,ARCX,700.0,454.5,454.7,135.0,ARCX,EDGX,80.0,454.45,454.75,I,ARCX,ARCX ARCX,560 198,454.45 454.40,454.78 454.79,I 1,ARCX ARCX,ARCX,21.0,454.35,454.8,2.0,ARCX,ARCX,1.0,454.3,454.81,40.0,BATY,ARCX,21.0,454.25,454.83,6.0,ARCX,ARCX,10.0,454.24,454.84,4.0,ARCX,,,,,,
2025-12-06 10:10:39,ARCX,1,454.61,454.64,160,XNMS,XNMS,80,454.68,464.66,3884,ARCX,ARCX,3,454.55,454.69,80.0,EDGX,ARCX,700.0,454.5,454.7,135.0,ARCX,EDGX,80.0,454.45,454.75,I,ARCX,ARCX ARCX,560 198,454.45 454.40,454.78 454.79,I 1,ARCX ARCX,ARCX,21.0,454.35,454.8,2.0,ARCX,ARCX,1.0,454.3,454.81,40.0,BATY,ARCX,21.0,454.25,454.83,6.0,ARCX,ARCX,10.0,454.24,454.84,4.0,ARCX,,,,,,
2025-12-06 10:10:47,ARCX,1,454.61,454.64,160,XNMS,XNMS,80,454.68,464.66,3884,ARCX,ARCX,3,454.55,454.69,80.0,EDGX,ARCX,700.0,454.5,454.7,135.0,ARCX,EDGX,80.0,454.45,454.75,I,ARCX,ARCX ARCX,560 198,454.45 454.40,454.78 454.79,I 1,ARCX ARCX,ARCX,21.0,454.35,454.8,2.0,ARCX,ARCX,1.0,454.3,454.81,40.0,BATY,ARCX,21.0,454.25,454.83,6.0,ARCX,ARCX,10.0,454.24,454.84,4.0,ARCX,,,,,,
2025-12-06 10:10:55,ARCX,1,454.61,454.64,160,XNMS,XNMS,80,454.68,464.66,3884,ARCX,ARCX,3,454.55,454.69,80.0,EDGX,ARCX,700.0,454.5,454.7,135.0,ARCX,EDGX,80.0,454.45,454.75,I,ARCX,ARCX ARCX,560 198,454.45 454.40,454.78 454.79,I 1,ARCX ARCX,ARCX,21.0,454.35,454.8,2.0,ARCX,ARCX,1.0,454.3,454.81,40.0,BATY,ARCX,21.0,454.25,454.83,6.0,ARCX,ARCX,10.0,454.24,454.84,4.0,ARCX,,,,,,
2025-12-06 10:11:04,ARCX,1,454.61,454.64,160,XNMS,XNMS,80,454.68,464.66,3884,ARCX,ARCX,3,454.55,454.69,80.0,EDGX,ARCX,700.0,454.5,454.7,135.0,ARCX,EDGX,80.0,454.45,454.75,I,ARCX,ARCX ARCX,560 198,454.45 454.40,454.78 454.79,I 1,ARCX ARCX,ARCX,21.0,454.35,454.8,2.0,ARCX,ARCX,1.0,454.3,454.81,40.0,BATY,ARCX,21.0,454.25,454.83,6.0,ARCX,ARCX,10.0,454.24,454.84,4.0,ARCX,,,,,,
2025-12-06 10:11:13,ARCX,1,454.61,454.64,160,XNMS,XNMS,80,454.68,464.66,3884,ARCX,ARCX,3,454.55,454.69,80.0,EDGX,ARCX,700.0,454.5,454.7,135.0,ARCX,EDGX,80.0,454.45,454.75,I,ARCX,ARCX ARCX,560 198,454.45 454.40,454.78 454.79,I 1,ARCX ARCX,ARCX,21.0,454.35,454.8,2.0,ARCX,ARCX,1.0,454.3,454.81,40.0,BATY,ARCX,21.0,454.25,454.83,6.0,ARCX,ARCX,10.0,454.24,454.84,4.0,ARCX,,,,,,
2025-12-06 10:11:21,ARCX,1,454.61,454.64,160,XNMS,XNMS,80,454.68,464.66,3884,ARCX,ARCX,3,454.55,454.69,80.0,EDGX,ARCX,700.0,454.5,454.7,135.0,ARCX,EDGX,80.0,454.45,454.75,I,ARCX,ARCX ARCX,560 198,454.45 454.40,454.78 454.79,I 1,ARCX ARCX,ARCX,21.0,454.35,454.8,2.0,ARCX,ARCX,1.0,454.3,454.81,40.0,BATY,ARCX,21.0,454.25,454.83,6.0,ARCX,ARCX,10.0,454.24,454.84,4.0,ARCX,,,,,,
2025-12-06 10:11:29,ARCX,1,454.61,454.64,160,XNMS,XNMS,80,454.68,464.66,3884,ARCX,ARCX,3,454.55,454.69,80.0,EDGX,ARCX,700.0,454.5,454.7,135.0,ARCX,EDGX,80.0,454.45,454.75,I,ARCX,ARCX ARCX,560 198,454.45 454.40,454.78 454.79,I 1,ARCX ARCX,ARCX,21.0,454.35,454.8,2.0,ARCX,ARCX,1.0,454.3,454.81,40.0,BATY,ARCX,21.0,454.25,454.83,6.0,ARCX,ARCX,10.0,454.24,454.84,4.0,ARCX,,,,,,
2025-12-06 10:11:36,ARCX,1,454.61,454.64,160,XNMS,XNMS,80,454.68,464.66,3884,ARCX,ARCX,3,454.55,454.69,80.0,EDGX,ARCX,700.0,454.5,454.7,135.0,ARCX,EDGX,80.0,454.45,454.75,I,ARCX,ARCX ARCX,560 198,454.45 454.40,454.78 454.79,I 1,ARCX ARCX,ARCX,21.0,454.35,454.8,2.0,ARCX,ARCX,1.0,454.3,454.81,40.0,BATY,ARCX,21.0,454.25,454.83,6.0,ARCX,ARCX,10.0,454.24,454.84,4.0,ARCX,,,,,,
2025-12-06 10:11:44,ARCX,1,454.61,454.64,160,XNMS,XNMS,80,454.68,464.66,3884,ARCX,ARCX,3,454.55,454.69,80.0,EDGX,ARCX,700.0,454.5,454.7,135.0,ARCX,EDGX,80.0,454.45,454.75,I,ARCX,ARCX ARCX,560 198,454.45 454.40,454.78 454.79,I 1,ARCX ARCX,ARCX,21.0,454.35,454.8,2.0,ARCX,ARCX,1.0,454.3,454.81,40.0,BATY,ARCX,21.0,454.25,454.83,6.0,ARCX,ARCX,10.0,454.24,454.84,4.0,ARCX,,,,,,
2025-12-06 10:11:52,ARCX,1,454.61,454.64,160,XNMS,XNMS,80,454.68,464.66,3884,ARCX,ARCX,3,454.55,454.69,80.0,EDGX,ARCX,700.0,454.5,454.7,135.0,ARCX,EDGX,80.0,454.45,454.75,I,ARCX,ARCX ARCX,560 198,454.45 454.40,454.78 454.79,I 1,ARCX ARCX,ARCX,21.0,454.35,454.8,2.0,ARCX,ARCX,1.0,454.3,454.81,40.0,BATY,ARCX,21.0,454.25,454.83,6.0,ARCX,ARCX,10.0,454.24,454.84,4.0,ARCX,,,,,,
2025-12-06 10:12:00,ARCX,1,454.61,454.64,160,XNMS,XNMS,80,454.68,464.66,3884,ARCX,ARCX,3,454.55,454.69,80.0,EDGX,ARCX,700.0,454.5,454.7,135.0,ARCX,EDGX,80.0,454.45,454.75,I,ARCX,ARCX ARCX,560 198,454.45 454.40,454.78 454.79,I 1,ARCX ARCX,ARCX,21.0,454.35,454.8,2.0,ARCX,ARCX,1.0,454.3,454.81,40.0,BATY,ARCX,21.0,454.25,454.83,6.0,ARCX,ARCX,10.0,454.24,454.84,4.0,ARCX,,,,,,
2025-12-06 10:12:08,ARCX,1,454.61,454.64,160,XNMS,XNMS,80,454.68,464.66,3884,ARCX,ARCX,3,454.55,454.69,80.0,EDGX,ARCX,700.0,454.5,454.7,135.0,ARCX,EDGX,80.0,454.45,454.75,I,ARCX,ARCX ARCX,560 198,454.45 454.40,454.78 454.79,I 1,ARCX ARCX,ARCX,21.0,454.35,454.8,2.0,ARCX,ARCX,1.0,454.3,454.81,40.0,BATY,ARCX,21.0,454.25,454.83,6.0,ARCX,ARCX,10.0,454.24,454.84,4.0,ARCX,,,,,,
2025-12-06 10:12:15,ARCX,1,454.61,454.64,160,XNMS,XNMS,80,454.68,464.66,3884,ARCX,ARCX,3,454.55,454.69,80.0,EDGX,ARCX,700.0,454.5,454.7,135.0,ARCX,EDGX,80.0,454.45,454.75,I,ARCX,ARCX ARCX,560 198,454.45 454.40,454.78 454.79,I 1,ARCX ARCX,ARCX,21.0,454.35,454.8,2.0,ARCX,ARCX,1.0,454.3,454.81,40.0,BATY,ARCX,21.0,454.25,454.83,6.0,ARCX,ARCX,10.0,454.24,454.84,4.0,ARCX,,,,,,
2025-12-06 10:12:23,ARCX,1,454.61,454.64,160,XNMS,XNMS,80,454.68,464.66,3884,ARCX,ARCX,3,454.55,454.69,80.0,EDGX,ARCX,700.0,454.5,454.7,135.0,ARCX,EDGX,80.0,454.45,454.75,I,ARCX,ARCX ARCX,560 198,454.45 454.40,454.78 454.79,I 1,ARCX ARCX,ARCX,21.0,454.35,454.8,2.0,ARCX,ARCX,1.0,454.3,454.81,40.0,BATY,ARCX,21.0,454.25,454.83,6.0,ARCX,ARCX,10.0,454.24,454.84,4.0,ARCX,,,,,,
2025-12-06 10:12:31,ARCX,1,454.61,454.64,160,XNMS,XNMS,80,454.68,464.66,3884,ARCX,ARCX,3,454.55,454.69,80.0,EDGX,ARCX,700.0,454.5,454.7,135.0,ARCX,EDGX,80.0,454.45,454.75,I,ARCX,ARCX ARCX,560 198,454.45 454.40,454.78 454.79,I 1,ARCX ARCX,ARCX,21.0,454.35,454.8,2.0,ARCX,ARCX,1.0,454.3,454.81,40.0,BATY,ARCX,21.0,454.25,454.83,6.0,ARCX,ARCX,10.0,454.24,454.84,4.0,ARCX,,,,,,
2025-12-06 10:12:39,ARCX,1,454.61,454.64,160,XNMS,XNMS,80,454.68,464.66,3884,ARCX,ARCX,3,454.55,454.69,80.0,EDGX,ARCX,700.0,454.5,454.7,135.0,ARCX,EDGX,80.0,454.45,454.75,I,ARCX,ARCX ARCX,560 198,454.45 454.40,454.78 454.79,I 1,ARCX ARCX,ARCX,21.0,454.35,454.8,2.0,ARCX,ARCX,1.0,454.3,454.81,40.0,BATY,ARCX,21.0,454.25,454.83,6.0,ARCX,ARCX,10.0,454.24,454.84,4.0,ARCX,,,,,,
2025-12-06 10:12:47,ARCX,1,454.61,454.64,160,XNMS,XNMS,80,454.68,464.66,3884,ARCX,ARCX,3,454.55,454.69,80.0,EDGX,ARCX,700.0,454.5,454.7,135.0,ARCX,EDGX,80.0,454.45,454.75,I,ARCX,ARCX ARCX,560 198,454.45 454.40,454.78 454.79,I 1,ARCX ARCX,ARCX,21.0,454.35,454.8,2.0,ARCX,ARCX,1.0,454.3,454.81,40.0,BATY,ARCX,21.0,454.25,454.83,6.0,ARCX,ARCX,10.0,454.24,454.84,4.0,ARCX,,,,,,
2025-12-06 10:12:54,ARCX,1,454.61,454.64,160,XNMS,XNMS,80,454.68,464.66,3884,ARCX,ARCX,3,454.55,454.69,80.0,EDGX,ARCX,700.0,454.5,454.7,135.0,ARCX,EDGX,80.0,454.45,454.75,I,ARCX,ARCX ARCX,560 198,454.45 454.40,454.78 454.79,I 1,ARCX ARCX,ARCX,21.0,454.35,454.8,2.0,ARCX,ARCX,1.0,454.3,454.81,40.0,BATY,ARCX,21.0,454.25,454.83,6.0,ARCX,ARCX,10.0,454.24,454.84,4.0,ARCX,,,,,,
2025-12-06 10:13:01,ARCX,1,454.61,454.64,160,XNMS,XNMS,80,454.68,464.66,3884,ARCX,ARCX,3,454.55,454.69,80.0,EDGX,ARCX,700.0,454.5,454.7,135.0,ARCX,EDGX,80.0,454.45,454.75,I,ARCX,ARCX ARCX,560 198,454.45 454.40,454.78 454.79,I 1,ARCX ARCX,ARCX,21.0,454.35,454.8,2.0,ARCX,ARCX,1.0,454.3,454.81,40.0,BATY,ARCX,21.0,454.25,454.83,6.0,ARCX,ARCX,10.0,454.24,454.84,4.0,ARCX,,,,,,
2025-12-06 10:13:09,ARCX,1,454.61,454.64,160,XNMS,XNMS,80,454.68,464.68,3884,ARCX,ARCX,3,454.55,454.69,80.0,EDGX,ARCX,700.0,454.5,454.7,135.0,ARCX,EDGX,80.0,454.45,454.75,I,ARCX,ARCX ARCX,560 198,454.45 454.40,454.78 454.79,I 1,ARCX ARCX,ARCX,21.0,454.35,454.8,2.0,ARCX,ARCX,1.0,454.3,454.81,40.0,BATY,ARCX,21.0,454.25,454.83,6.0,ARCX,ARCX,10.0,454.24,454.84,4.0,ARCX,,,,,,
2025-12-06 10:13:16,ARCX,1,454.61,454.64,160,XNMS,XNMS,80,454.68,464.66,3884,ARCX,ARCX,3,454.55,454.69,80.0,EDGX,ARCX,700.0,454.5,454.7,135.0,ARCX,EDGX,80.0,454.45,454.75,I,ARCX,ARCX ARCX,560 198,454.45 454.40,454.78 454.79,I 1,ARCX ARCX,ARCX,21.0,454.35,454.8,2.0,ARCX,ARCX,1.0,454.3,454.81,40.0,BATY,ARCX,21.0,454.25,454.83,6.0,ARCX,ARCX,10.0,454.24,454.84,4.0,ARCX,,,,,,
2025-12-06 10:13:24,ARCX,1,454.61,454.64,160,XNMS,XNMS,80,454.68,464.66,3884,ARCX,ARCX,3,454.55,454.69,80.0,EDGX,ARCX,700.0,454.5,454.7,135.0,ARCX,EDGX,80.0,454.45,454.75,I,ARCX,ARCX ARCX,560 198,454.45 454.40,454.78 454.79,I 1,ARCX ARCX,ARCX,21.0,454.35,454.8,2.0,ARCX,ARCX,1.0,454.3,454.81,40.0,BATY,ARCX,21.0,454.25,454.83,6.0,ARCX,ARCX,10.0,454.24,454.84,4.0,ARCX,,,,,,
2025-12-06 10:13:32,ARCX,1,454.61,454.64,160,XNMS,XNMS,80,454.68,464.66,3884,ARCX,ARCX,3,454.55,454.69,80.0,EDGX,ARCX,700.0,454.5,454.7,135.0,ARCX,EDGX,80.0,454.45,454.75,I,ARCX,ARCX ARCX,560 198,454.45 454.40,454.78 454.79,I 1,ARCX ARCX,ARCX,21.0,454.35,454.8,2.0,ARCX,ARCX,1.0,454.3,454.81,40.0,BATY,ARCX,21.0,454.25,454.83,6.0,ARCX,ARCX,10.0,454.24,454.84,4.0,ARCX,,,,,,
2025-12-06 10:13:39,ARCX,1,454.61,454.64,160,XNMS,XNMS,80,454.68,464.66,3884,ARCX,ARCX,3,454.55,454.69,80.0,EDGX,ARCX,700.0,454.5,454.7,135.0,ARCX,EDGX,80.0,454.45,454.75,I,ARCX,ARCX ARCX,560 198,454.45 454.40,454.78 454.79,I 1,ARCX ARCX,ARCX,21.0,454.35,454.8,2.0,ARCX,ARCX,1.0,454.3,454.81,40.0,BATY,ARCX,21.0,454.25,454.83,6.0,ARCX,ARCX,10.0,454.24,454.84,4.0,ARCX,,,,,,
2025-12-06 10:13:48,ARCX,1,454.61,454.64,160,XNMS,XNMS,80,454.68,464.66,3884,ARCX,ARCX,3,454.55,454.69,80.0,EDGX,ARCX,700.0,454.5,454.7,135.0,ARCX,EDGX,80.0,454.45,454.75,I,ARCX,ARCX ARCX,560 198,454.45 454.40,454.78 454.79,I 1,ARCX ARCX,ARCX,21.0,454.35,454.8,2.0,ARCX,ARCX,1.0,454.3,454.81,40.0,BATY,ARCX,21.0,454.25,454.83,6.0,ARCX,ARCX,10.0,454.24,454.84,4.0,ARCX,,,,,,
2025-12-06 10:13:55,ARCX,1,454.61,454.64,160,XNMS,XNMS,80,454.68,464.66,3884,ARCX,ARCX,3,454.55,454.69,80.0,EDGX,ARCX,700.0,454.5,454.7,135.0,ARCX,EDGX,80.0,454.45,454.75,I,ARCX,ARCX ARCX,560 198,454.45 454.40,454.78 454.79,I 1,ARCX ARCX,ARCX,21.0,454.35,454.8,2.0,ARCX,ARCX,1.0,454.3,454.81,40.0,BATY,ARCX,21.0,454.25,454.83,6.0,ARCX,ARCX,10.0,454.24,454.84,4.0,ARCX,,,,,,
2025-12-06 10:14:03,ARCX,1,454.61,454.64,160,XNMS,XNMS,80,454.68,464.66,3884,ARCX,ARCX,3,454.55,454.69,80.0,EDGX,ARCX,700.0,454.5,454.7,135.0,ARCX,EDGX,80.0,454.45,454.75,I,ARCX,ARCX ARCX,560 198,454.45 454.40,454.78 454.79,I 1,ARCX ARCX,ARCX,21.0,454.35,454.8,2.0,ARCX,ARCX,1.0,454.3,454.81,40.0,BATY,ARCX,21.0,454.25,454.83,6.0,ARCX,ARCX,10.0,454.24,454.84,4.0,ARCX,,,,,,
2025-12-06 10:14:10,ARCX,1,454.61,454.64,160,XNMS,XNMS,80,454.68,464.66,3884,ARCX,ARCX,3,454.55,454.69,80.0,EDGX,ARCX,700.0,454.5,454.7,135.0,ARCX,EDGX,80.0,454.45,454.75,I,ARCX,ARCX ARCX,560 198,454.45 454.40,454.78 454.79,I 1,ARCX ARCX,ARCX,21.0,454.35,454.8,2.0,ARCX,ARCX,1.0,454.3,454.81,40.0,BATY,ARCX,21.0,454.25,454.83,6.0,ARCX,ARCX,10.0,454.24,454.84,4.0,ARCX,,,,,,
2025-12-06 10:14:18,ARCX,1,454.61,454.64,160,XNMS,XNMS,80,454.68,464.66,3884,ARCX,ARCX,3,454.55,454.69,80.0,EDGX,ARCX,700.0,454.5,454.7,135.0,ARCX,EDGX,80.0,454.45,454.75,I,ARCX,ARCX ARCX,560 198,454.45 454.40,454.78 454.79,I 1,ARCX ARCX,ARCX,21.0,454.35,454.8,2.0,ARCX,ARCX,1.0,454.3,454.81,40.0,BATY,ARCX,21.0,454.25,454.83,6.0,ARCX,ARCX,10.0,454.24,454.84,4.0,ARCX,,,,,,
2025-12-06 10:14:26,ARCX,1,454.61,454.64,160,XNMS,XNMS,80,454.68,464.66,3884,ARCX,ARCX,3,454.55,454.69,80.0,EDGX,ARCX,700.0,454.5,454.7,135.0,ARCX,EDGX,80.0,454.45,454.75,I,ARCX,ARCX ARCX,560 198,454.45 454.40,454.78 454.79,I 1,ARCX ARCX,ARCX,21.0,454.35,454.8,2.0,ARCX,ARCX,1.0,454.3,454.81,40.0,BATY,ARCX,21.0,454.25,454.83,6.0,ARCX,ARCX,10.0,454.24,454.84,4.0,ARCX,,,,,,
2025-12-06 10:14:33,ARCX,1,454.61,454.64,160,XNMS,XNMS,80,454.68,464.66,3884,ARCX,ARCX,3,454.55,454.69,80.0,EDGX,ARCX,700.0,454.5,454.7,135.0,ARCX,EDGX,80.0,454.45,454.75,I,ARCX,ARCX ARCX,560 198,454.45 454.40,454.78 454.79,I 1,ARCX ARCX,ARCX,21.0,454.35,454.8,2.0,ARCX,ARCX,1.0,454.3,454.81,40.0,BATY,ARCX,21.0,454.25,454.83,6.0,ARCX,ARCX,10.0,454.24,454.84,4.0,ARCX,,,,,,
2025-12-06 10:14:41,ARCX,1,454.61,454.64,160,XNMS,XNMS,80,454.68,464.66,3884,ARCX,ARCX,3,454.55,454.69,80.0,EDGX,ARCX,700.0,454.5,454.7,135.0,ARCX,EDGX,80.0,454.45,454.75,I,ARCX,ARCX ARCX,560 198,454.45 454.40,454.78 454.79,I 1,ARCX ARCX,ARCX,21.0,454.35,454.8,2.0,ARCX,ARCX,1.0,454.3,454.81,40.0,BATY,ARCX,21.0,454.25,454.83,6.0,ARCX,ARCX,10.0,454.24,454.84,4.0,ARCX,,,,,,
2025-12-06 10:14:49,ARCX,1,454.61,454.64,160,XNMS,XNMS,80,454.68,464.66,3884,ARCX,ARCX,3,454.55,454.69,80.0,EDGX,ARCX,700.0,454.5,454.7,135.0,ARCX,EDGX,80.0,454.45,454.75,I,ARCX,ARCX ARCX,560 198,454.45 454.40,454.78 454.79,I 1,ARCX ARCX,ARCX,21.0,454.35,454.8,2.0,ARCX,ARCX,1.0,454.3,454.81,40.0,BATY,ARCX,21.0,454.25,454.83,6.0,ARCX,ARCX,10.0,454.24,454.84,4.0,ARCX,,,,,,
2025-12-06 10:14:57,ARCX,1,454.61,454.64,160,XNMS,XNMS,80,454.68,464.66,3884,ARCX,ARCX,3,454.55,454.69,80.0,EDGX,ARCX,700.0,454.5,454.7,135.0,ARCX,EDGX,80.0,454.45,454.75,I,ARCX,ARCX ARCX,560 198,454.45 454.40,454.78 454.79,I 1,ARCX ARCX,ARCX,21.0,454.35,454.8,2.0,ARCX,ARCX,1.0,454.3,454.81,40.0,BATY,ARCX,21.0,454.25,454.83,6.0,ARCX,ARCX,10.0,454.24,454.84,4.0,ARCX,,,,,,
2025-12-06 10:15:05,ARCX,1,454.61,454.64,160,XNMS,XNMS,80,454.68,464.66,3884,ARCX,ARCX,3,454.55,454.69,80.0,EDGX,ARCX,700.0,454.5,454.7,135.0,ARCX,EDGX,80.0,454.45,454.75,I,ARCX,ARCX ARCX,560 198,454.45 454.40,454.78 454.79,I 1,ARCX ARCX,ARCX,21.0,454.35,454.8,2.0,ARCX,ARCX,1.0,454.3,454.81,40.0,BATY,ARCX,21.0,454.25,454.83,6.0,ARCX,ARCX,10.0,454.24,454.84,4.0,ARCX,,,,,,
2025-12-06 10:15:13,ARCX,1,454.61,454.64,160,XNMS,XNMS,80,454.68,464.66,3884,ARCX,ARCX,3,454.55,454.69,80.0,EDGX,ARCX,700.0,454.5,454.7,135.0,ARCX,EDGX,80.0,454.45,454.75,I,ARCX,ARCX ARCX,560 198,454.45 454.40,454.78 454.79,I 1,ARCX ARCX,ARCX,21.0,454.35,454.8,2.0,ARCX,ARCX,1.0,454.3,454.81,40.0,BATY,ARCX,21.0,454.25,454.83,6.0,ARCX,ARCX,10.0,454.24,454.84,4.0,ARCX,,,,,,
2025-12-06 10:15:21,ARCX,1,454.61,454.64,160,XNMS,XNMS,80,454.68,464.66,3884,ARCX,ARCX,3,454.55,454.69,80.0,EDGX,ARCX,700.0,454.5,454.7,135.0,ARCX,EDGX,80.0,454.45,454.75,I,ARCX,ARCX ARCX,560 198,454.45 454.40,454.78 454.79,I 1,ARCX ARCX,ARCX,21.0,454.35,454.8,2.0,ARCX,ARCX,1.0,454.3,454.81,40.0,BATY,ARCX,21.0,454.25,454.83,6.0,ARCX,ARCX,10.0,454.24,454.84,4.0,ARCX,,,,,,
2025-12-06 10:15:29,ARCX,1,454.61,454.64,160,XNMS,XNMS,80,454.68,464.66,3884,ARCX,ARCX,3,454.55,454.69,80.0,EDGX,ARCX,700.0,454.5,454.7,135.0,ARCX,EDGX,80.0,454.45,454.75,I,ARCX,ARCX ARCX,560 198,454.45 454.40,454.78 454.79,I 1,ARCX ARCX,ARCX,21.0,454.35,454.8,2.0,ARCX,ARCX,1.0,454.3,454.81,40.0,BATY,ARCX,21.0,454.25,454.83,6.0,ARCX,ARCX,10.0,454.24,454.84,4.0,ARCX,,,,,,
2025-12-06 10:15:36,ARCX,1,454.61,454.64,160,XNMS,XNMS,80,454.68,464.66,3884,ARCX,ARCX,3,454.55,454.69,80.0,EDGX,ARCX,700.0,454.5,454.7,135.0,ARCX,EDGX,80.0,454.45,454.75,I,ARCX,ARCX ARCX,560 198,454.45 454.40,454.78 454.79,I 1,ARCX ARCX,ARCX,21.0,454.35,454.8,2.0,ARCX,ARCX,1.0,454.3,454.81,40.0,BATY,ARCX,21.0,454.25,454.83,6.0,ARCX,ARCX,10.0,454.24,454.84,4.0,ARCX,,,,,,
2025-12-06 10:15:44,ARCX,1,454.61,454.64,160,XNMS,XNMS,80,454.68,464.66,3884,ARCX,ARCX,3,454.55,454.69,80.0,EDGX,ARCX,700.0,454.5,454.7,135.0,ARCX,EDGX,80.0,454.45,454.75,I,ARCX,ARCX ARCX,560 198,454.45 454.40,454.78 454.79,I 1,ARCX ARCX,ARCX,21.0,454.35,454.8,2.0,ARCX,ARCX,1.0,454.3,454.81,40.0,BATY,ARCX,21.0,454.25,454.83,6.0,ARCX,ARCX,10.0,454.24,454.84,4.0,ARCX,,,,,,
2025-12-06 10:15:51,ARCX,1,454.61,454.64,160,XNMS,XNMS,80,454.68,464.66,3884,ARCX,ARCX,3,454.55,454.69,80.0,EDGX,ARCX,700.0,454.5,454.7,135.0,ARCX,EDGX,80.0,454.45,454.75,I,ARCX,ARCX ARCX,560 198,454.45 454.40,454.78 454.79,I 1,ARCX ARCX,ARCX,21.0,454.35,454.8,2.0,ARCX,ARCX,1.0,454.3,454.81,40.0,BATY,ARCX,21.0,454.25,454.83,6.0,ARCX,ARCX,10.0,454.24,454.84,4.0,ARCX,,,,,,
2025-12-06 10:15:59,ARCX,1,454.61,454.64,160,XNMS,XNMS,80,454.68,464.66,3884,ARCX,ARCX,3,454.55,454.69,80.0,EDGX,ARCX,700.0,454.5,454.7,135.0,ARCX,EDGX,80.0,454.45,454.75,I,ARCX,ARCX ARCX,560 198,454.45 454.40,454.78 454.79,I 1,ARCX ARCX,ARCX,21.0,454.35,454.8,2.0,ARCX,ARCX,1.0,454.3,454.81,40.0,BATY,ARCX,21.0,454.25,454.83,6.0,ARCX,ARCX,10.0,454.24,454.84,4.0,ARCX,,,,,,
2025-12-06 10:16:07,ARCX,1,454.61,454.64,160,XNMS,XNMS,80,454.68,464.66,3884,ARCX,ARCX,3,454.55,454.69,80.0,EDGX,ARCX,700.0,454.5,454.7,135.0,ARCX,EDGX,80.0,454.45,454.75,I,ARCX,ARCX ARCX,560 198,454.45 454.40,454.78 454.79,I 1,ARCX ARCX,ARCX,21.0,454.35,454.8,2.0,ARCX,ARCX,1.0,454.3,454.81,40.0,BATY,ARCX,21.0,454.25,454.83,6.0,ARCX,ARCX,10.0,454.24,454.84,4.0,ARCX,,,,,,
2025-12-06 10:16:15,ARCX,1,454.61,454.64,160,XNMS,XNMS,80,454.68,464.66,3884,ARCX,ARCX,3,454.55,454.69,80.0,EDGX,ARCX,700.0,454.5,454.7,135.0,ARCX,EDGX,80.0,454.45,454.75,I,ARCX,ARCX ARCX,560 198,454.45 454.40,454.78 454.79,I 1,ARCX ARCX,ARCX,21.0,454.35,454.8,2.0,ARCX,ARCX,1.0,454.3,454.81,40.0,BATY,ARCX,21.0,454.25,454.83,6.0,ARCX,ARCX,10.0,454.24,454.84,4.0,ARCX,,,,,,
2025-12-06 10:16:24,ARCX,1,454.61,454.64,160,XNMS,XNMS,80,454.68,464.66,3884,ARCX,ARCX,3,454.55,454.69,80.0,EDGX,ARCX,700.0,454.5,454.7,135.0,ARCX,EDGX,80.0,454.45,454.75,I,ARCX,ARCX ARCX,560 198,454.45 454.40,454.78 454.79,I 1,ARCX ARCX,ARCX,21.0,454.35,454.8,2.0,ARCX,ARCX,1.0,454.3,454.81,40.0,BATY,ARCX,21.0,454.25,454.83,6.0,ARCX,ARCX,10.0,454.24,454.84,4.0,ARCX,,,,,,
2025-12-06 10:16:32,ARCX,1,454.61,454.64,160,XNMS,XNMS,80,454.68,464.66,3884,ARCX,ARCX,3,454.55,454.69,80.0,EDGX,ARCX,700.0,454.5,454.7,135.0,ARCX,EDGX,80.0,454.45,454.75,I,ARCX,ARCX ARCX,560 198,454.45 454.40,454.78 454.79,I 1,ARCX ARCX,ARCX,21.0,454.35,454.8,2.0,ARCX,ARCX,1.0,454.3,454.81,40.0,BATY,ARCX,21.0,454.25,454.83,6.0,ARCX,ARCX,10.0,454.24,454.84,4.0,ARCX,,,,,,
2025-12-06 10:16:39,ARCX,1,454.61,454.64,160,XNMS,XNMS,80,454.68,464.66,3884,ARCX,ARCX,3,454.55,454.69,80.0,EDGX,ARCX,700.0,454.5,454.7,135.0,ARCX,EDGX,80.0,454.45,454.75,I,ARCX,ARCX ARCX,560 198,454.45 454.40,454.78 454.79,I 1,ARCX ARCX,ARCX,21.0,454.35,454.8,2.0,ARCX,ARCX,1.0,454.3,454.81,40.0,BATY,ARCX,21.0,454.25,454.83,6.0,ARCX,ARCX,10.0,454.24,454.84,4.0,ARCX,,,,,,
2025-12-06 10:16:47,ARCX,1,454.61,454.64,160,XNMS,XNMS,80,454.68,464.66,3884,ARCX,ARCX,3,454.55,454.69,80.0,EDGX,ARCX,700.0,454.5,454.7,135.0,ARCX,EDGX,80.0,454.45,454.75,I,ARCX,ARCX ARCX,560 198,454.45 454.40,454.78 454.79,I 1,ARCX ARCX,ARCX,21.0,454.35,454.8,2.0,ARCX,ARCX,1.0,454.3,454.81,40.0,BATY,ARCX,21.0,454.25,454.83,6.0,ARCX,ARCX,10.0,454.24,454.84,4.0,ARCX,,,,,,
2025-12-06 10:16:55,ARCX,1,454.61,454.64,160,XNMS,XNMS,80,454.68,464.66,3884,ARCX,ARCX,3,454.55,454.69,80.0,EDGX,ARCX,700.0,454.5,454.7,135.0,ARCX,EDGX,80.0,454.45,454.75,I,ARCX,ARCX ARCX,560 198,454.45 454.40,454.78 454.79,I 1,ARCX ARCX,ARCX,21.0,454.35,454.8,2.0,ARCX,ARCX,1.0,454.3,454.81,40.0,BATY,ARCX,21.0,454.25,454.83,6.0,ARCX,ARCX,10.0,454.24,454.84,4.0,ARCX,,,,,,
2025-12-06 10:17:02,ARCX,1,454.61,454.64,160,XNMS,XNMS,80,454.68,464.66,3884,ARCX,ARCX,3,454.55,454.69,80.0,EDGX,ARCX,700.0,454.5,454.7,135.0,ARCX,EDGX,80.0,454.45,454.75,I,ARCX,ARCX ARCX,560 198,454.45 454.40,454.78 454.79,I 1,ARCX ARCX,ARCX,21.0,454.35,454.8,2.0,ARCX,ARCX,1.0,454.3,454.81,40.0,BATY,ARCX,21.0,454.25,454.83,6.0,ARCX,ARCX,10.0,454.24,454.84,4.0,ARCX,,,,,,
2025-12-06 10:17:10,ARCX,1,454.61,454.64,160,XNMS,XNMS,80,454.68,464.66,3884,ARCX,ARCX,3,454.55,454.69,80.0,EDGX,ARCX,700.0,454.5,454.7,135.0,ARCX,EDGX,80.0,454.45,454.75,I,ARCX,ARCX ARCX,560 198,454.45 454.40,454.78 454.79,I 1,ARCX ARCX,ARCX,21.0,454.35,454.8,2.0,ARCX,ARCX,1.0,454.3,454.81,40.0,BATY,ARCX,21.0,454.25,454.83,6.0,ARCX,ARCX,10.0,454.24,454.84,4.0,ARCX,,,,,,
2025-12-06 10:17:17,ARCX,1,454.61,454.64,160,XNMS,XNMS,80,454.68,464.66,3884,ARCX,ARCX,3,454.55,454.69,80.0,EDGX,ARCX,700.0,454.5,454.7,135.0,ARCX,EDGX,80.0,454.45,454.75,I,ARCX,ARCX ARCX,560 198,454.45 454.40,454.78 454.79,I 1,ARCX ARCX,ARCX,21.0,454.35,454.8,2.0,ARCX,ARCX,1.0,454.3,454.81,40.0,BATY,ARCX,21.0,454.25,454.83,6.0,ARCX,ARCX,10.0,454.24,454.84,4.0,ARCX,,,,,,
2025-12-06 10:17:25,ARCX,1,454.61,454.64,160,XNMS,XNMS,80,454.68,464.66,3884,ARCX,ARCX,3,454.55,454.69,80.0,EDGX,ARCX,700.0,454.5,454.7,135.0,ARCX,EDGX,80.0,454.45,454.75,I,ARCX,ARCX ARCX,560 198,454.45 454.40,454.78 454.79,I 1,ARCX ARCX,ARCX,21.0,454.35,454.8,2.0,ARCX,ARCX,1.0,454.3,454.81,40.0,BATY,ARCX,21.0,454.25,454.83,6.0,ARCX,ARCX,10.0,454.24,454.84,4.0,ARCX,,,,,,
2025-12-06 10:17:33,ARCX,1,454.61,454.64,160,XNMS,XNMS,80,454.68,464.66,3884,ARCX,ARCX,3,454.55,454.69,80.0,EDGX,ARCX,700.0,454.5,454.7,135.0,ARCX,EDGX,80.0,454.45,454.75,I,ARCX,ARCX ARCX,560 198,454.45 454.40,454.78 454.79,I 1,ARCX ARCX,ARCX,21.0,454.35,454.8,2.0,ARCX,ARCX,1.0,454.3,454.81,40.0,BATY,ARCX,21.0,454.25,454.83,6.0,ARCX,ARCX,10.0,454.24,454.84,4.0,ARCX,,,,,,
2025-12-06 10:17:41,ARCX,1,454.61,454.64,160,XNMS,XNMS,80,454.68,464.66,3884,ARCX,ARCX,3,454.55,454.69,80.0,EDGX,ARCX,700.0,454.5,454.7,135.0,ARCX,EDGX,80.0,454.45,454.75,I,ARCX,ARCX ARCX,560 198,454.45 454.40,454.78 454.79,I 1,ARCX ARCX,ARCX,21.0,454.35,454.8,2.0,ARCX,ARCX,1.0,454.3,454.81,40.0,BATY,ARCX,21.0,454.25,454.83,6.0,ARCX,ARCX,10.0,454.24,454.84,4.0,ARCX,,,,,,
2025-12-06 10:17:49,ARCX,1,454.61,454.64,160,XNMS,XNMS,80,454.68,464.66,3884,ARCX,ARCX,3,454.55,454.69,80.0,EDGX,ARCX,700.0,454.5,454.7,135.0,ARCX,EDGX,80.0,454.45,454.75,I,ARCX,ARCX ARCX,560 198,454.45 454.40,454.78 454.79,I 1,ARCX ARCX,ARCX,21.0,454.35,454.8,2.0,ARCX,ARCX,1.0,454.3,454.81,40.0,BATY,ARCX,21.0,454.25,454.83,6.0,ARCX,ARCX,10.0,454.24,454.84,4.0,ARCX,,,,,,
2025-12-06 10:17:56,ARCX,1,454.61,454.64,160,XNMS,XNMS,80,454.68,464.66,3884,ARCX,ARCX,3,454.55,454.69,80.0,EDGX,ARCX,700.0,454.5,454.7,135.0,ARCX,EDGX,80.0,454.45,454.75,I,ARCX,ARCX ARCX,560 198,454.45 454.40,454.78 454.79,I 1,ARCX ARCX,ARCX,21.0,454.35,454.8,2.0,ARCX,ARCX,1.0,454.3,454.81,40.0,BATY,ARCX,21.0,454.25,454.83,6.0,ARCX,ARCX,10.0,454.24,454.84,4.0,ARCX,,,,,,
2025-12-06 10:18:03,ARCX,1,454.61,454.64,160,XNMS,XNMS,80,454.68,464.66,3884,ARCX,ARCX,3,454.55,454.69,80.0,EDGX,ARCX,700.0,454.5,454.7,135.0,ARCX,EDGX,80.0,454.45,454.75,I,ARCX,ARCX ARCX,560 198,454.45 454.40,454.78 454.79,I 1,ARCX ARCX,ARCX,21.0,454.35,454.8,2.0,ARCX,ARCX,1.0,454.3,454.81,40.0,BATY,ARCX,21.0,454.25,454.83,6.0,ARCX,ARCX,10.0,454.24,454.84,4.0,ARCX,,,,,,
2025-12-06 10:18:11,ARCX,1,454.61,454.64,160,XNMS,XNMS,80,454.68,464.66,3884,ARCX,ARCX,3,454.55,454.69,80.0,EDGX,ARCX,700.0,454.5,454.7,135.0,ARCX,EDGX,80.0,454.45,454.75,I,ARCX,ARCX ARCX,560 198,454.45 454.40,454.78 454.79,I 1,ARCX ARCX,ARCX,21.0,454.35,454.8,2.0,ARCX,ARCX,1.0,454.3,454.81,40.0,BATY,ARCX,21.0,454.25,454.83,6.0,ARCX,ARCX,10.0,454.24,454.84,4.0,ARCX,,,,,,
2025-12-06 10:18:19,ARCX,1,454.61,454.64,160,XNMS,XNMS,80,454.68,464.66,3884,ARCX,ARCX,3,454.55,454.69,80.0,EDGX,ARCX,700.0,454.5,454.7,135.0,ARCX,EDGX,80.0,454.45,454.75,I,ARCX,ARCX ARCX,560 198,454.45 454.40,454.78 454.79,I 1,ARCX ARCX,ARCX,21.0,454.35,454.8,2.0,ARCX,ARCX,1.0,454.3,454.81,40.0,BATY,ARCX,21.0,454.25,454.83,6.0,ARCX,ARCX,10.0,454.24,454.84,4.0,ARCX,,,,,,
2025-12-06 10:18:27,ARCX,1,454.61,454.64,160,XNMS,XNMS,80,454.68,464.66,3884,ARCX,ARCX,3,454.55,454.69,80.0,EDGX,ARCX,700.0,454.5,454.7,135.0,ARCX,EDGX,80.0,454.45,454.75,I,ARCX,ARCX ARCX,560 198,454.45 454.40,454.78 454.79,I 1,ARCX ARCX,ARCX,21.0,454.35,454.8,2.0,ARCX,ARCX,1.0,454.3,454.81,40.0,BATY,ARCX,21.0,454.25,454.83,6.0,ARCX,ARCX,10.0,454.24,454.84,4.0,ARCX,,,,,,
2025-12-06 10:18:34,ARCX,1,454.61,454.64,160,XNMS,XNMS,80,454.68,464.66,3884,ARCX,ARCX,3,454.55,454.69,80.0,EDGX,ARCX,700.0,454.5,454.7,135.0,ARCX,EDGX,80.0,454.45,454.75,I,ARCX,ARCX ARCX,560 198,454.45 454.40,454.78 454.79,I 1,ARCX ARCX,ARCX,21.0,454.35,454.8,2.0,ARCX,ARCX,1.0,454.3,454.81,40.0,BATY,ARCX,21.0,454.25,454.83,6.0,ARCX,ARCX,10.0,454.24,454.84,4.0,ARCX,,,,,,
2025-12-06 10:18:42,ARCX,1,454.61,454.64,160,XNMS,XNMS,80,454.68,464.66,3884,ARCX,ARCX,3,454.55,454.69,80.0,EDGX,ARCX,700.0,454.5,454.7,135.0,ARCX,EDGX,80.0,454.45,454.75,I,ARCX,ARCX ARCX,560 198,454.45 454.40,454.78 454.79,I 1,ARCX ARCX,ARCX,21.0,454.35,454.8,2.0,ARCX,ARCX,1.0,454.3,454.81,40.0,BATY,ARCX,21.0,454.25,454.83,6.0,ARCX,ARCX,10.0,454.24,454.84,4.0,ARCX,,,,,,
2025-12-06 10:18:50,ARCX,1,454.61,454.64,160,XNMS,XNMS,80,454.68,464.66,3884,ARCX,ARCX,3,454.55,454.69,80.0,EDGX,ARCX,700.0,454.5,454.7,135.0,ARCX,EDGX,80.0,454.45,454.75,I,ARCX,ARCX ARCX,560 198,454.45 454.40,454.78 454.79,I 1,ARCX ARCX,ARCX,21.0,454.35,454.8,2.0,ARCX,ARCX,1.0,454.3,454.81,40.0,BATY,ARCX,21.0,454.25,454.83,6.0,ARCX,ARCX,10.0,454.24,454.84,4.0,ARCX,,,,,,
2025-12-06 10:18:57,ARCX,1,454.61,454.64,160,XNMS,XNMS,80,454.68,464.66,3884,ARCX,ARCX,3,454.55,454.69,80.0,EDGX,ARCX,700.0,454.5,454.7,135.0,ARCX,EDGX,80.0,454.45,454.75,I,ARCX,ARCX ARCX,560 198,454.45 454.40,454.78 454.79,I 1,ARCX ARCX,ARCX,21.0,454.35,454.8,2.0,ARCX,ARCX,1.0,454.3,454.81,40.0,BATY,ARCX,21.0,454.25,454.83,6.0,ARCX,ARCX,10.0,454.24,454.84,4.0,ARCX,,,,,,
2025-12-06 10:19:05,ARCX,1,454.61,454.64,160,XNMS,XNMS,80,454.68,464.66,3884,ARCX,ARCX,3,454.55,454.69,80.0,EDGX,ARCX,700.0,454.5,454.7,135.0,ARCX,EDGX,80.0,454.45,454.75,I,ARCX,ARCX ARCX,560 198,454.45 454.40,454.78 454.79,I 1,ARCX ARCX,ARCX,21.0,454.35,454.8,2.0,ARCX,ARCX,1.0,454.3,454.81,40.0,BATY,ARCX,21.0,454.25,454.83,6.0,ARCX,ARCX,10.0,454.24,454.84,4.0,ARCX,,,,,,
2025-12-06 10:19:12,ARCX,1,454.61,454.64,160,XNMS,XNMS,80,454.68,464.66,3884,ARCX,ARCX,3,454.55,454.69,80.0,EDGX,ARCX,700.0,454.5,454.7,135.0,ARCX,EDGX,80.0,454.45,454.75,I,ARCX,ARCX ARCX,560 198,454.45 454.40,454.78 454.79,I 1,ARCX ARCX,ARCX,21.0,454.35,454.8,2.0,ARCX,ARCX,1.0,454.3,454.81,40.0,BATY,ARCX,21.0,454.25,454.83,6.0,ARCX,ARCX,10.0,454.24,454.84,4.0,ARCX,,,,,,
2025-12-06 10:19:19,ARCX,1,454.61,454.64,160,XNMS,XNMS,80,454.68,464.66,3884,ARCX,ARCX,3,454.55,454.69,80.0,EDGX,ARCX,700.0,454.5,454.7,135.0,ARCX,EDGX,80.0,454.45,454.75,I,ARCX,ARCX ARCX,560 198,454.45 454.40,454.78 454.79,I 1,ARCX ARCX,ARCX,21.0,454.35,454.8,2.0,ARCX,ARCX,1.0,454.3,454.81,40.0,BATY,ARCX,21.0,454.25,454.83,6.0,ARCX,ARCX,10.0,454.24,454.84,4.0,ARCX,,,,,,
2025-12-06 10:19:26,ARCX,1,454.61,454.64,160,XNMS,XNMS,80,454.68,464.66,3884,ARCX,ARCX,3,454.55,454.69,80.0,EDGX,ARCX,700.0,454.5,454.7,135.0,ARCX,EDGX,80.0,454.45,454.75,I,ARCX,ARCX ARCX,560 198,454.45 454.40,454.78 454.79,I 1,ARCX ARCX,ARCX,21.0,454.35,454.8,2.0,ARCX,ARCX,1.0,454.3,454.81,40.0,BATY,ARCX,21.0,454.25,454.83,6.0,ARCX,ARCX,10.0,454.24,454.84,4.0,ARCX,,,,,,
2025-12-06 10:19:34,ARCX,1,454.61,454.64,160,XNMS,XNMS,80,454.68,464.66,3884,ARCX,ARCX,3,454.55,454.69,80.0,EDGX,ARCX,700.0,454.5,454.7,135.0,ARCX,EDGX,80.0,454.45,454.75,I,ARCX,ARCX ARCX,560 198,454.45 454.40,454.78 454.79,I 1,ARCX ARCX,ARCX,21.0,454.35,454.8,2.0,ARCX,ARCX,1.0,454.3,454.81,40.0,BATY,ARCX,21.0,454.25,454.83,6.0,ARCX,ARCX,10.0,454.24,454.84,4.0,ARCX,,,,,,
2025-12-06 10:19:42,ARCX,1,454.61,454.64,160,XNMS,XNMS,80,454.68,464.66,3884,ARCX,ARCX,3,454.55,454.69,80.0,EDGX,ARCX,700.0,454.5,454.7,135.0,ARCX,EDGX,80.0,454.45,454.75,I,ARCX,ARCX ARCX,560 198,454.45 454.40,454.78 454.79,I 1,ARCX ARCX,ARCX,21.0,454.35,454.8,2.0,ARCX,ARCX,1.0,454.3,454.81,40.0,BATY,ARCX,21.0,454.25,454.83,6.0,ARCX,ARCX,10.0,454.24,454.84,4.0,ARCX,,,,,,
2025-12-06 10:19:49,ARCX,1,454.61,454.64,160,XNMS,XNMS,80,454.68,464.66,3884,ARCX,ARCX,3,454.55,454.69,80.0,EDGX,ARCX,700.0,454.5,454.7,135.0,ARCX,EDGX,80.0,454.45,454.75,I,ARCX,ARCX ARCX,560 198,454.45 454.40,454.78 454.79,I 1,ARCX ARCX,ARCX,21.0,454.35,454.8,2.0,ARCX,ARCX,1.0,454.3,454.81,40.0,BATY,ARCX,21.0,454.25,454.83,6.0,ARCX,ARCX,10.0,454.24,454.84,4.0,ARCX,,,,,,
2025-12-06 10:19:56,ARCX,1,454.61,454.64,160,XNMS,XNMS,80,454.68,464.66,3884,ARCX,ARCX,3,454.55,454.69,80.0,EDGX,ARCX,700.0,454.5,454.7,135.0,ARCX,EDGX,80.0,454.45,454.75,I,ARCX,ARCX ARCX,560 198,454.45 454.40,454.78 454.79,I 1,ARCX ARCX,ARCX,21.0,454.35,454.8,2.0,ARCX,ARCX,1.0,454.3,454.81,40.0,BATY,ARCX,21.0,454.25,454.83,6.0,ARCX,ARCX,10.0,454.24,454.84,4.0,ARCX,,,,,,
2025-12-06 10:20:04,ARCX,1,454.61,454.64,160,XNMS,XNMS,80,454.68,464.66,3884,ARCX,ARCX,3,454.55,454.69,80.0,EDGX,ARCX,700.0,454.5,454.7,135.0,ARCX,EDGX,80.0,454.45,454.75,I,ARCX,ARCX ARCX,560 198,454.45 454.40,454.78 454.79,I 1,ARCX ARCX,ARCX,21.0,454.35,454.8,2.0,ARCX,ARCX,1.0,454.3,454.81,40.0,BATY,ARCX,21.0,454.25,454.83,6.0,ARCX,ARCX,10.0,454.24,454.84,4.0,ARCX,,,,,,
2025-12-06 10:20:12,ARCX,1,454.61,454.64,160,XNMS,XNMS,80,454.68,464.66,3884,ARCX,ARCX,3,454.55,454.69,80.0,EDGX,ARCX,700.0,454.5,454.7,135.0,ARCX,EDGX,80.0,454.45,454.75,I,ARCX,ARCX ARCX,560 198,454.45 454.40,454.78 454.79,I 1,ARCX ARCX,ARCX,21.0,454.35,454.8,2.0,ARCX,ARCX,1.0,454.3,454.81,40.0,BATY,ARCX,21.0,454.25,454.83,6.0,ARCX,ARCX,10.0,454.24,454.84,4.0,ARCX,,,,,,
2025-12-06 10:20:19,ARCX,1,454.61,454.64,160,XNMS,XNMS,80,454.68,464.66,3884,ARCX,ARCX,3,454.55,454.69,80.0,EDGX,ARCX,700.0,454.5,454.7,135.0,ARCX,EDGX,80.0,454.45,454.75,I,ARCX,ARCX ARCX,560 198,454.45 454.40,454.78 454.79,I 1,ARCX ARCX,ARCX,21.0,454.35,454.8,2.0,ARCX,ARCX,1.0,454.3,454.81,40.0,BATY,ARCX,21.0,454.25,454.83,6.0,ARCX,ARCX,10.0,454.24,454.84,4.0,ARCX,,,,,,
2025-12-06 10:22:50,ARCX,1,454.61,454.64,160,XNMS,XNMS,80,454.58,454.66,3884,ARCX,ARCX,3,454.55,454.69,80.0,EDGX,ARCX,700.0,454.5,454.7,135.0,ARCX,EDGX,80.0,454.45,454.75,1,ARCX,ARCX,560,454.45,454.78,1,ARCX,ARCX,198.0,454.4,454.79,1.0,ARCX,ARCX,21.0,454.35,454.8,2.0,ARCX,ARCX,1.0,454.3,454.81,40.0,BATY,ARCX,21.0,454.25,454.83,6.0,ARCX,ARCX,10.0,454.24,454.84,4.0,ARCX
2025-12-06 10:22:58,ARCX,1,454.61,454.64,160,XNMS,XNMS,80,454.68,464.66,3884,ARCX,ARCX,3,454.55,454.69,80.0,EDGX,ARCX,700.0,454.5,454.7,135.0,ARCX,EDGX,80.0,454.45,454.75,I,ARCX,ARCX ARCX,560 198,454.45 454.40,454.78 454.79,I 1,ARCX ARCX,ARCX,21.0,454.35,454.8,2.0,ARCX,ARCX,1.0,454.3,454.81,40.0,BATY,ARCX,21.0,454.25,454.83,6.0,ARCX,ARCX,10.0,454.24,454.84,4.0,ARCX,,,,,,
2025-12-06 10:23:05,ARCX,1,454.61,454.64,160,XNMS,XNMS,80,454.68,464.66,3884,ARCX,ARCX,3,454.55,454.69,80.0,EDGX,ARCX,700.0,454.5,454.7,135.0,ARCX,EDGX,80.0,454.45,454.75,I,ARCX,ARCX ARCX,560 198,454.45 454.40,454.78 454.79,I 1,ARCX ARCX,ARCX,21.0,454.35,454.8,2.0,ARCX,ARCX,1.0,454.3,454.81,40.0,BATY,ARCX,21.0,454.25,454.83,6.0,ARCX,ARCX,10.0,454.24,454.84,4.0,ARCX,,,,,,
2025-12-06 10:23:13,ARCX,1,454.61,454.64,160,XNMS,XNMS,80,454.68,464.66,3884,ARCX,ARCX,3,454.55,454.69,80.0,EDGX,ARCX,700.0,454.5,454.7,135.0,ARCX,EDGX,80.0,454.45,454.75,I,ARCX,ARCX ARCX,560 198,454.45 454.40,454.78 454.79,I 1,ARCX ARCX,ARCX,21.0,454.35,454.8,2.0,ARCX,ARCX,1.0,454.3,454.81,40.0,BATY,ARCX,21.0,454.25,454.83,6.0,ARCX,ARCX,10.0,454.24,454.84,4.0,ARCX,,,,,,
2025-12-06 10:23:20,ARCX,1,454.61,454.64,160,XNMS,XNMS,80,454.68,464.66,3884,ARCX,ARCX,3,454.55,454.69,80.0,EDGX,ARCX,700.0,454.5,454.7,135.0,ARCX,EDGX,80.0,454.45,454.75,I,ARCX,ARCX ARCX,560 198,454.45 454.40,454.78 454.79,I 1,ARCX ARCX,ARCX,21.0,454.35,454.8,2.0,ARCX,ARCX,1.0,454.3,454.81,40.0,BATY,ARCX,21.0,454.25,454.83,6.0,ARCX,ARCX,10.0,454.24,454.84,4.0,ARCX,,,,,,
2025-12-06 10:23:28,ARCX,1,454.61,454.64,160,XNMS,XNMS,80,454.68,464.66,3884,ARCX,ARCX,3,454.55,454.69,80.0,EDGX,ARCX,700.0,454.5,454.7,135.0,ARCX,EDGX,80.0,454.45,454.75,I,ARCX,ARCX ARCX,560 198,454.45 454.40,454.78 454.79,I 1,ARCX ARCX,ARCX,21.0,454.35,454.8,2.0,ARCX,ARCX,1.0,454.3,454.81,40.0,BATY,ARCX,21.0,454.25,454.83,6.0,ARCX,ARCX,10.0,454.24,454.84,4.0,ARCX,,,,,,
2025-12-06 10:23:36,ARCX,1,454.61,454.64,160,XNMS,XNMS,80,454.68,464.66,3884,ARCX,ARCX,3,454.55,454.69,80.0,EDGX,ARCX,700.0,454.5,454.7,135.0,ARCX,EDGX,80.0,454.45,454.75,I,ARCX,ARCX ARCX,560 198,454.45 454.40,454.78 454.79,I 1,ARCX ARCX,ARCX,21.0,454.35,454.8,2.0,ARCX,ARCX,1.0,454.3,454.81,40.0,BATY,ARCX,21.0,454.25,454.83,6.0,ARCX,ARCX,10.0,454.24,454.84,4.0,ARCX,,,,,,
2025-12-06 10:23:44,ARCX,1,454.61,454.64,160,XNMS,XNMS,80,454.68,464.66,3884,ARCX,ARCX,3,454.55,454.69,80.0,EDGX,ARCX,700.0,454.5,454.7,135.0,ARCX,EDGX,80.0,454.45,454.75,I,ARCX,ARCX ARCX,560 198,454.45 454.40,454.78 454.79,I 1,ARCX ARCX,ARCX,21.0,454.35,454.8,2.0,ARCX,ARCX,1.0,454.3,454.81,40.0,BATY,ARCX,21.0,454.25,454.83,6.0,ARCX,ARCX,10.0,454.24,454.84,4.0,ARCX,,,,,,
2025-12-06 10:23:51,ARCX,1,454.61,454.64,160,XNMS,XNMS,80,454.68,464.66,3884,ARCX,ARCX,3,454.55,454.69,80.0,EDGX,ARCX,700.0,454.5,454.7,135.0,ARCX,EDGX,80.0,454.45,454.75,I,ARCX,ARCX ARCX,560 198,454.45 454.40,454.78 454.79,I 1,ARCX ARCX,ARCX,21.0,454.35,454.8,2.0,ARCX,ARCX,1.0,454.3,454.81,40.0,BATY,ARCX,21.0,454.25,454.83,6.0,ARCX,ARCX,10.0,454.24,454.84,4.0,ARCX,,,,,,
2025-12-06 10:23:59,ARCX,1,454.61,454.64,160,XNMS,XNMS,80,454.68,464.66,3884,ARCX,ARCX,3,454.55,454.69,80.0,EDGX,ARCX,700.0,454.5,454.7,135.0,ARCX,EDGX,80.0,454.45,454.75,I,ARCX,ARCX ARCX,560 198,454.45 454.40,454.78 454.79,I 1,ARCX ARCX,ARCX,21.0,454.35,454.8,2.0,ARCX,ARCX,1.0,454.3,454.81,40.0,BATY,ARCX,21.0,454.25,454.83,6.0,ARCX,ARCX,10.0,454.24,454.84,4.0,ARCX,,,,,,
2025-12-06 10:24:07,ARCX,1,454.61,454.64,160,XNMS,XNMS,80,454.68,464.66,3884,ARCX,ARCX,3,454.55,454.69,80.0,EDGX,ARCX,700.0,454.5,454.7,135.0,ARCX,EDGX,80.0,454.45,454.75,I,ARCX,ARCX ARCX,560 198,454.45 454.40,454.78 454.79,I 1,ARCX ARCX,ARCX,21.0,454.35,454.8,2.0,ARCX,ARCX,1.0,454.3,454.81,40.0,BATY,ARCX,21.0,454.25,454.83,6.0,ARCX,ARCX,10.0,454.24,454.84,4.0,ARCX,,,,,,
2025-12-06 10:24:15,ARCX,1,454.61,454.64,160,XNMS,XNMS,80,454.68,464.66,3884,ARCX,ARCX,3,454.55,454.69,80.0,EDGX,ARCX,700.0,454.5,454.7,135.0,ARCX,EDGX,80.0,454.45,454.75,I,ARCX,ARCX ARCX,560 198,454.45 454.40,454.78 454.79,I 1,ARCX ARCX,ARCX,21.0,454.35,454.8,2.0,ARCX,ARCX,1.0,454.3,454.81,40.0,BATY,ARCX,21.0,454.25,454.83,6.0,ARCX,ARCX,10.0,454.24,454.84,4.0,ARCX,,,,,,
2025-12-06 10:24:22,ARCX,1,454.61,454.64,160,XNMS,XNMS,80,454.68,464.66,3884,ARCX,ARCX,3,454.55,454.69,80.0,EDGX,ARCX,700.0,454.5,454.7,135.0,ARCX,EDGX,80.0,454.45,454.75,I,ARCX,ARCX ARCX,560 198,454.45 454.40,454.78 454.79,I 1,ARCX ARCX,ARCX,21.0,454.35,454.8,2.0,ARCX,ARCX,1.0,454.3,454.81,40.0,BATY,ARCX,21.0,454.25,454.83,6.0,ARCX,ARCX,10.0,454.24,454.84,4.0,ARCX,,,,,,
2025-12-06 10:24:30,ARCX,1,454.61,454.64,160,XNMS,XNMS,80,454.68,464.66,3884,ARCX,ARCX,3,454.55,454.69,80.0,EDGX,ARCX,700.0,454.5,454.7,135.0,ARCX,EDGX,80.0,454.45,454.75,I,ARCX,ARCX ARCX,560 198,454.45 454.40,454.78 454.79,I 1,ARCX ARCX,ARCX,21.0,454.35,454.8,2.0,ARCX,ARCX,1.0,454.3,454.81,40.0,BATY,ARCX,21.0,454.25,454.83,6.0,ARCX,ARCX,10.0,454.24,454.84,4.0,ARCX,,,,,,
2025-12-06 10:24:37,ARCX,1,454.61,454.64,160,XNMS,XNMS,80,454.68,464.66,3884,ARCX,ARCX,3,454.55,454.69,80.0,EDGX,ARCX,700.0,454.5,454.7,135.0,ARCX,EDGX,80.0,454.45,454.75,I,ARCX,ARCX ARCX,560 198,454.45 454.40,454.78 454.79,I 1,ARCX ARCX,ARCX,21.0,454.35,454.8,2.0,ARCX,ARCX,1.0,454.3,454.81,40.0,BATY,ARCX,21.0,454.25,454.83,6.0,ARCX,ARCX,10.0,454.24,454.84,4.0,ARCX,,,,,,
2025-12-06 10:24:45,ARCX,1,454.61,454.64,160,XNMS,XNMS,80,454.68,464.66,3884,ARCX,ARCX,3,454.55,454.69,80.0,EDGX,ARCX,700.0,454.5,454.7,135.0,ARCX,EDGX,80.0,454.45,454.75,I,ARCX,ARCX ARCX,560 198,454.45 454.40,454.78 454.79,I 1,ARCX ARCX,ARCX,21.0,454.35,454.8,2.0,ARCX,ARCX,1.0,454.3,454.81,40.0,BATY,ARCX,21.0,454.25,454.83,6.0,ARCX,ARCX,10.0,454.24,454.84,4.0,ARCX,,,,,,
2025-12-06 10:24:53,ARCX,1,454.61,454.64,160,XNMS,XNMS,80,454.68,464.66,3884,ARCX,ARCX,3,454.55,454.69,80.0,EDGX,ARCX,700.0,454.5,454.7,135.0,ARCX,EDGX,80.0,454.45,454.75,I,ARCX,ARCX ARCX,560 198,454.45 454.40,454.78 454.79,I 1,ARCX ARCX,ARCX,21.0,454.35,454.8,2.0,ARCX,ARCX,1.0,454.3,454.81,40.0,BATY,ARCX,21.0,454.25,454.83,6.0,ARCX,ARCX,10.0,454.24,454.84,4.0,ARCX,,,,,,
2025-12-06 10:25:00,ARCX,1,454.61,454.64,160,XNMS,XNMS,80,454.68,464.66,3884,ARCX,ARCX,3,454.55,454.69,80.0,EDGX,ARCX,700.0,454.5,454.7,135.0,ARCX,EDGX,80.0,454.45,454.75,I,ARCX,ARCX ARCX,560 198,454.45 454.40,454.78 454.79,I 1,ARCX ARCX,ARCX,21.0,454.35,454.8,2.0,ARCX,ARCX,1.0,454.3,454.81,40.0,BATY,ARCX,21.0,454.25,454.83,6.0,ARCX,ARCX,10.0,454.24,454.84,4.0,ARCX,,,,,,
2025-12-06 10:25:08,ARCX,1,454.61,454.64,160,XNMS,XNMS,80,454.68,464.68,3884,ARCX,ARCX,3,454.55,454.69,80.0,EDGX,ARCX,700.0,454.5,454.7,135.0,ARCX,EDGX,80.0,454.45,454.75,I,ARCX,ARCX ARCX,560 198,454.45 454.40,454.78 454.79,I 1,ARCX ARCX,ARCX,21.0,454.35,454.8,2.0,ARCX,ARCX,1.0,454.3,454.81,40.0,BATY,ARCX,21.0,454.25,454.83,6.0,ARCX,ARCX,10.0,454.24,454.84,4.0,ARCX,,,,,,
2025-12-06 10:25:15,ARCX,1,454.61,454.64,160,XNMS,XNMS,80,454.68,464.66,3884,ARCX,ARCX,3,454.55,454.69,80.0,EDGX,ARCX,700.0,454.5,454.7,135.0,ARCX,EDGX,80.0,454.45,454.75,I,ARCX,ARCX ARCX,560 198,454.45 454.40,454.78 454.79,I 1,ARCX ARCX,ARCX,21.0,454.35,454.8,2.0,ARCX,ARCX,1.0,454.3,454.81,40.0,BATY,ARCX,21.0,454.25,454.83,6.0,ARCX,ARCX,10.0,454.24,454.84,4.0,ARCX,,,,,,
2025-12-06 10:25:23,ARCX,1,454.61,454.64,160,XNMS,XNMS,80,454.68,464.66,3884,ARCX,ARCX,3,454.55,454.69,80.0,EDGX,ARCX,700.0,454.5,454.7,135.0,ARCX,EDGX,80.0,454.45,454.75,I,ARCX,ARCX ARCX,560 198,454.45 454.40,454.78 454.79,I 1,ARCX ARCX,ARCX,21.0,454.35,454.8,2.0,ARCX,ARCX,1.0,454.3,454.81,40.0,BATY,ARCX,21.0,454.25,454.83,6.0,ARCX,ARCX,10.0,454.24,454.84,4.0,ARCX,,,,,,
2025-12-06 10:25:30,ARCX,1,454.61,454.64,160,XNMS,XNMS,80,454.68,464.66,3884,ARCX,ARCX,3,454.55,454.69,80.0,EDGX,ARCX,700.0,454.5,454.7,135.0,ARCX,EDGX,80.0,454.45,454.75,I,ARCX,ARCX ARCX,560 198,454.45 454.40,454.78 454.79,I 1,ARCX ARCX,ARCX,21.0,454.35,454.8,2.0,ARCX,ARCX,1.0,454.3,454.81,40.0,BATY,ARCX,21.0,454.25,454.83,6.0,ARCX,ARCX,10.0,454.24,454.84,4.0,ARCX,,,,,,
2025-12-06 10:25:38,ARCX,1,454.61,454.64,160,XNMS,XNMS,80,454.68,464.66,3884,ARCX,ARCX,3,454.55,454.69,80.0,EDGX,ARCX,700.0,454.5,454.7,135.0,ARCX,EDGX,80.0,454.45,454.75,I,ARCX,ARCX ARCX,560 198,454.45 454.40,454.78 454.79,I 1,ARCX ARCX,ARCX,21.0,454.35,454.8,2.0,ARCX,ARCX,1.0,454.3,454.81,40.0,BATY,ARCX,21.0,454.25,454.83,6.0,ARCX,ARCX,10.0,454.24,454.84,4.0,ARCX,,,,,,
2025-12-06 10:25:45,ARCX,1,454.61,454.64,160,XNMS,XNMS,80,454.68,464.66,3884,ARCX,ARCX,3,454.55,454.69,80.0,EDGX,ARCX,700.0,454.5,454.7,135.0,ARCX,EDGX,80.0,454.45,454.75,I,ARCX,ARCX ARCX,560 198,454.45 454.40,454.78 454.79,I 1,ARCX ARCX,ARCX,21.0,454.35,454.8,2.0,ARCX,ARCX,1.0,454.3,454.81,40.0,BATY,ARCX,21.0,454.25,454.83,6.0,ARCX,ARCX,10.0,454.24,454.84,4.0,ARCX,,,,,,
2025-12-06 10:25:52,ARCX,1,454.61,454.64,160,XNMS,XNMS,80,454.68,464.66,3884,ARCX,ARCX,3,454.55,454.69,80.0,EDGX,ARCX,700.0,454.5,454.7,135.0,ARCX,EDGX,80.0,454.45,454.75,I,ARCX,ARCX ARCX,560 198,454.45 454.40,454.78 454.79,I 1,ARCX ARCX,ARCX,21.0,454.35,454.8,2.0,ARCX,ARCX,1.0,454.3,454.81,40.0,BATY,ARCX,21.0,454.25,454.83,6.0,ARCX,ARCX,10.0,454.24,454.84,4.0,ARCX,,,,,,
2025-12-06 10:26:00,ARCX,1,454.61,454.64,160,XNMS,XNMS,80,454.68,464.66,3884,ARCX,ARCX,3,454.55,454.69,80.0,EDGX,ARCX,700.0,454.5,454.7,135.0,ARCX,EDGX,80.0,454.45,454.75,I,ARCX,ARCX ARCX,560 198,454.45 454.40,454.78 454.79,I 1,ARCX ARCX,ARCX,21.0,454.35,454.8,2.0,ARCX,ARCX,1.0,454.3,454.81,40.0,BATY,ARCX,21.0,454.25,454.83,6.0,ARCX,ARCX,10.0,454.24,454.84,4.0,ARCX,,,,,,
2025-12-06 10:26:07,ARCX,1,454.61,454.64,160,XNMS,XNMS,80,454.68,464.66,3884,ARCX,ARCX,3,454.55,454.69,80.0,EDGX,ARCX,700.0,454.5,454.7,135.0,ARCX,EDGX,80.0,454.45,454.75,I,ARCX,ARCX ARCX,560 198,454.45 454.40,454.78 454.79,I 1,ARCX ARCX,ARCX,21.0,454.35,454.8,2.0,ARCX,ARCX,1.0,454.3,454.81,40.0,BATY,ARCX,21.0,454.25,454.83,6.0,ARCX,ARCX,10.0,454.24,454.84,4.0,ARCX,,,,,,
2025-12-06 10:26:15,ARCX,1,454.61,454.64,160,XNMS,XNMS,80,454.68,464.66,3884,ARCX,ARCX,3,454.55,454.69,80.0,EDGX,ARCX,700.0,454.5,454.7,135.0,ARCX,EDGX,80.0,454.45,454.75,I,ARCX,ARCX ARCX,560 198,454.45 454.40,454.78 454.79,I 1,ARCX ARCX,ARCX,21.0,454.35,454.8,2.0,ARCX,ARCX,1.0,454.3,454.81,40.0,BATY,ARCX,21.0,454.25,454.83,6.0,ARCX,ARCX,10.0,454.24,454.84,4.0,ARCX,,,,,,
2025-12-06 10:26:22,ARCX,1,454.61,454.64,160,XNMS,XNMS,80,454.68,464.66,3884,ARCX,ARCX,3,454.55,454.69,80.0,EDGX,ARCX,700.0,454.5,454.7,135.0,ARCX,EDGX,80.0,454.45,454.75,I,ARCX,ARCX ARCX,560 198,454.45 454.40,454.78 454.79,I 1,ARCX ARCX,ARCX,21.0,454.35,454.8,2.0,ARCX,ARCX,1.0,454.3,454.81,40.0,BATY,ARCX,21.0,454.25,454.83,6.0,ARCX,ARCX,10.0,454.24,454.84,4.0,ARCX,,,,,,
2025-12-06 10:26:30,ARCX,1,454.61,454.64,160,XNMS,XNMS,80,454.68,464.66,3884,ARCX,ARCX,3,454.55,454.69,80.0,EDGX,ARCX,700.0,454.5,454.7,135.0,ARCX,EDGX,80.0,454.45,454.75,I,ARCX,ARCX ARCX,560 198,454.45 454.40,454.78 454.79,I 1,ARCX ARCX,ARCX,21.0,454.35,454.8,2.0,ARCX,ARCX,1.0,454.3,454.81,40.0,BATY,ARCX,21.0,454.25,454.83,6.0,ARCX,ARCX,10.0,454.24,454.84,4.0,ARCX,,,,,,
2025-12-06 10:26:37,ARCX,1,454.61,454.64,160,XNMS,XNMS,80,454.68,464.66,3884,ARCX,ARCX,3,454.55,454.69,80.0,EDGX,ARCX,700.0,454.5,454.7,135.0,ARCX,EDGX,80.0,454.45,454.75,I,ARCX,ARCX ARCX,560 198,454.45 454.40,454.78 454.79,I 1,ARCX ARCX,ARCX,21.0,454.35,454.8,2.0,ARCX,ARCX,1.0,454.3,454.81,40.0,BATY,ARCX,21.0,454.25,454.83,6.0,ARCX,ARCX,10.0,454.24,454.84,4.0,ARCX,,,,,,
2025-12-06 10:26:45,ARCX,1,454.61,454.64,160,XNMS,XNMS,80,454.68,464.66,3884,ARCX,ARCX,3,454.55,454.69,80.0,EDGX,ARCX,700.0,454.5,454.7,135.0,ARCX,EDGX,80.0,454.45,454.75,I,ARCX,ARCX ARCX,560 198,454.45 454.40,454.78 454.79,I 1,ARCX ARCX,ARCX,21.0,454.35,454.8,2.0,ARCX,ARCX,1.0,454.3,454.81,40.0,BATY,ARCX,21.0,454.25,454.83,6.0,ARCX,ARCX,10.0,454.24,454.84,4.0,ARCX,,,,,,
2025-12-06 10:26:52,ARCX,1,454.61,454.64,160,XNMS,XNMS,80,454.68,464.66,3884,ARCX,ARCX,3,454.55,454.69,80.0,EDGX,ARCX,700.0,454.5,454.7,135.0,ARCX,EDGX,80.0,454.45,454.75,I,ARCX,ARCX ARCX,560 198,454.45 454.40,454.78 454.79,I 1,ARCX ARCX,ARCX,21.0,454.35,454.8,2.0,ARCX,ARCX,1.0,454.3,454.81,40.0,BATY,ARCX,21.0,454.25,454.83,6.0,ARCX,ARCX,10.0,454.24,454.84,4.0,ARCX,,,,,,
2025-12-06 10:26:59,ARCX,1,454.61,454.64,160,XNMS,XNMS,80,454.68,464.66,3884,ARCX,ARCX,3,454.55,454.69,80.0,EDGX,ARCX,700.0,454.5,454.7,135.0,ARCX,EDGX,80.0,454.45,454.75,I,ARCX,ARCX ARCX,560 198,454.45 454.40,454.78 454.79,I 1,ARCX ARCX,ARCX,21.0,454.35,454.8,2.0,ARCX,ARCX,1.0,454.3,454.81,40.0,BATY,ARCX,21.0,454.25,454.83,6.0,ARCX,ARCX,10.0,454.24,454.84,4.0,ARCX,,,,,,
2025-12-06 10:27:07,ARCX,1,454.61,454.64,160,XNMS,XNMS,80,454.68,464.66,3884,ARCX,ARCX,3,454.55,454.69,80.0,EDGX,ARCX,700.0,454.5,454.7,135.0,ARCX,EDGX,80.0,454.45,454.75,I,ARCX,ARCX ARCX,560 198,454.45 454.40,454.78 454.79,I 1,ARCX ARCX,ARCX,21.0,454.35,454.8,2.0,ARCX,ARCX,1.0,454.3,454.81,40.0,BATY,ARCX,21.0,454.25,454.83,6.0,ARCX,ARCX,10.0,454.24,454.84,4.0,ARCX,,,,,,
2025-12-06 10:27:14,ARCX,1,454.61,454.64,160,XNMS,XNMS,80,454.68,464.66,3884,ARCX,ARCX,3,454.55,454.69,80.0,EDGX,ARCX,700.0,454.5,454.7,135.0,ARCX,EDGX,80.0,454.45,454.75,I,ARCX,ARCX ARCX,560 198,454.45 454.40,454.78 454.79,I 1,ARCX ARCX,ARCX,21.0,454.35,454.8,2.0,ARCX,ARCX,1.0,454.3,454.81,40.0,BATY,ARCX,21.0,454.25,454.83,6.0,ARCX,ARCX,10.0,454.24,454.84,4.0,ARCX,,,,,,
2025-12-06 10:27:22,ARCX,1,454.61,454.64,160,XNMS,XNMS,80,454.68,464.66,3884,ARCX,ARCX,3,454.55,454.69,80.0,EDGX,ARCX,700.0,454.5,454.7,135.0,ARCX,EDGX,80.0,454.45,454.75,I,ARCX,ARCX ARCX,560 198,454.45 454.40,454.78 454.79,I 1,ARCX ARCX,ARCX,21.0,454.35,454.8,2.0,ARCX,ARCX,1.0,454.3,454.81,40.0,BATY,ARCX,21.0,454.25,454.83,6.0,ARCX,ARCX,10.0,454.24,454.84,4.0,ARCX,,,,,,
2025-12-06 10:27:30,ARCX,1,454.61,454.64,160,XNMS,XNMS,80,454.68,464.66,3884,ARCX,ARCX,3,454.55,454.69,80.0,EDGX,ARCX,700.0,454.5,454.7,135.0,ARCX,EDGX,80.0,454.45,454.75,I,ARCX,ARCX ARCX,560 198,454.45 454.40,454.78 454.79,I 1,ARCX ARCX,ARCX,21.0,454.35,454.8,2.0,ARCX,ARCX,1.0,454.3,454.81,40.0,BATY,ARCX,21.0,454.25,454.83,6.0,ARCX,ARCX,10.0,454.24,454.84,4.0,ARCX,,,,,,
2025-12-06 10:27:39,ARCX,1,454.61,454.64,160,XNMS,XNMS,80,454.68,464.66,3884,ARCX,ARCX,3,454.55,454.69,80.0,EDGX,ARCX,700.0,454.5,454.7,135.0,ARCX,EDGX,80.0,454.45,454.75,I,ARCX,ARCX ARCX,560 198,454.45 454.40,454.78 454.79,I 1,ARCX ARCX,ARCX,21.0,454.35,454.8,2.0,ARCX,ARCX,1.0,454.3,454.81,40.0,BATY,ARCX,21.0,454.25,454.83,6.0,ARCX,ARCX,10.0,454.24,454.84,4.0,ARCX,,,,,,
2025-12-06 10:27:47,ARCX,1,454.61,454.64,160,XNMS,XNMS,80,454.68,464.66,3884,ARCX,ARCX,3,454.55,454.69,80.0,EDGX,ARCX,700.0,454.5,454.7,135.0,ARCX,EDGX,80.0,454.45,454.75,I,ARCX,ARCX ARCX,560 198,454.45 454.40,454.78 454.79,I 1,ARCX ARCX,ARCX,21.0,454.35,454.8,2.0,ARCX,ARCX,1.0,454.3,454.81,40.0,BATY,ARCX,21.0,454.25,454.83,6.0,ARCX,ARCX,10.0,454.24,454.84,4.0,ARCX,,,,,,
2025-12-06 10:27:54,ARCX,1,454.61,454.64,160,XNMS,XNMS,80,454.68,464.66,3884,ARCX,ARCX,3,454.55,454.69,80.0,EDGX,ARCX,700.0,454.5,454.7,135.0,ARCX,EDGX,80.0,454.45,454.75,I,ARCX,ARCX ARCX,560 198,454.45 454.40,454.78 454.79,I 1,ARCX ARCX,ARCX,21.0,454.35,454.8,2.0,ARCX,ARCX,1.0,454.3,454.81,40.0,BATY,ARCX,21.0,454.25,454.83,6.0,ARCX,ARCX,10.0,454.24,454.84,4.0,ARCX,,,,,,
2025-12-06 10:28:02,ARCX,1,454.61,454.64,160,XNMS,XNMS,80,454.68,464.66,3884,ARCX,ARCX,3,454.55,454.69,80.0,EDGX,ARCX,700.0,454.5,454.7,135.0,ARCX,EDGX,80.0,454.45,454.75,I,ARCX,ARCX ARCX,560 198,454.45 454.40,454.78 454.79,I 1,ARCX ARCX,ARCX,21.0,454.35,454.8,2.0,ARCX,ARCX,1.0,454.3,454.81,40.0,BATY,ARCX,21.0,454.25,454.83,6.0,ARCX,ARCX,10.0,454.24,454.84,4.0,ARCX,,,,,,
2025-12-06 10:28:10,ARCX,1,454.61,454.64,160,XNMS,XNMS,80,454.68,464.66,3884,ARCX,ARCX,3,454.55,454.69,80.0,EDGX,ARCX,700.0,454.5,454.7,135.0,ARCX,EDGX,80.0,454.45,454.75,I,ARCX,ARCX ARCX,560 198,454.45 454.40,454.78 454.79,I 1,ARCX ARCX,ARCX,21.0,454.35,454.8,2.0,ARCX,ARCX,1.0,454.3,454.81,40.0,BATY,ARCX,21.0,454.25,454.83,6.0,ARCX,ARCX,10.0,454.24,454.84,4.0,ARCX,,,,,,
2025-12-06 10:28:18,ARCX,1,454.61,454.64,160,XNMS,XNMS,80,454.68,464.66,3884,ARCX,ARCX,3,454.55,454.69,80.0,EDGX,ARCX,700.0,454.5,454.7,135.0,ARCX,EDGX,80.0,454.45,454.75,I,ARCX,ARCX ARCX,560 198,454.45 454.40,454.78 454.79,I 1,ARCX ARCX,ARCX,21.0,454.35,454.8,2.0,ARCX,ARCX,1.0,454.3,454.81,40.0,BATY,ARCX,21.0,454.25,454.83,6.0,ARCX,ARCX,10.0,454.24,454.84,4.0,ARCX,,,,,,
2025-12-06 10:28:26,ARCX,1,454.61,454.64,160,XNMS,XNMS,80,454.68,464.66,3884,ARCX,ARCX,3,454.55,454.69,80.0,EDGX,ARCX,700.0,454.5,454.7,135.0,ARCX,EDGX,80.0,454.45,454.75,I,ARCX,ARCX ARCX,560 198,454.45 454.40,454.78 454.79,I 1,ARCX ARCX,ARCX,21.0,454.35,454.8,2.0,ARCX,ARCX,1.0,454.3,454.81,40.0,BATY,ARCX,21.0,454.25,454.83,6.0,ARCX,ARCX,10.0,454.24,454.84,4.0,ARCX,,,,,,
2025-12-06 10:28:34,ARCX,1,454.61,454.64,160,XNMS,XNMS,80,454.68,464.66,3884,ARCX,ARCX,3,454.55,454.69,80.0,EDGX,ARCX,700.0,454.5,454.7,135.0,ARCX,EDGX,80.0,454.45,454.75,I,ARCX,ARCX ARCX,560 198,454.45 454.40,454.78 454.79,I 1,ARCX ARCX,ARCX,21.0,454.35,454.8,2.0,ARCX,ARCX,1.0,454.3,454.81,40.0,BATY,ARCX,21.0,454.25,454.83,6.0,ARCX,ARCX,10.0,454.24,454.84,4.0,ARCX,,,,,,
2025-12-06 10:28:42,ARCX,1,454.61,454.64,160,XNMS,XNMS,80,454.68,464.66,3884,ARCX,ARCX,3,454.55,454.69,80.0,EDGX,ARCX,700.0,454.5,454.7,135.0,ARCX,EDGX,80.0,454.45,454.75,I,ARCX,ARCX ARCX,560 198,454.45 454.40,454.78 454.79,I 1,ARCX ARCX,ARCX,21.0,454.35,454.8,2.0,ARCX,ARCX,1.0,454.3,454.81,40.0,BATY,ARCX,21.0,454.25,454.83,6.0,ARCX,ARCX,10.0,454.24,454.84,4.0,ARCX,,,,,,
2025-12-06 10:28:50,ARCX,1,454.61,454.64,160,XNMS,XNMS,80,454.68,464.66,3884,ARCX,ARCX,3,454.55,454.69,80.0,EDGX,ARCX,700.0,454.5,454.7,135.0,ARCX,EDGX,80.0,454.45,454.75,I,ARCX,ARCX ARCX,560 198,454.45 454.40,454.78 454.79,I 1,ARCX ARCX,ARCX,21.0,454.35,454.8,2.0,ARCX,ARCX,1.0,454.3,454.81,40.0,BATY,ARCX,21.0,454.25,454.83,6.0,ARCX,ARCX,10.0,454.24,454.84,4.0,ARCX,,,,,,
2025-12-06 10:28:57,ARCX,1,454.61,454.64,160,XNMS,XNMS,80,454.68,464.66,3884,ARCX,ARCX,3,454.55,454.69,80.0,EDGX,ARCX,700.0,454.5,454.7,135.0,ARCX,EDGX,80.0,454.45,454.75,I,ARCX,ARCX ARCX,560 198,454.45 454.40,454.78 454.79,I 1,ARCX ARCX,ARCX,21.0,454.35,454.8,2.0,ARCX,ARCX,1.0,454.3,454.81,40.0,BATY,ARCX,21.0,454.25,454.83,6.0,ARCX,ARCX,10.0,454.24,454.84,4.0,ARCX,,,,,,
2025-12-06 10:29:05,ARCX,1,454.61,454.64,160,XNMS,XNMS,80,454.68,464.66,3884,ARCX,ARCX,3,454.55,454.69,80.0,EDGX,ARCX,700.0,454.5,454.7,135.0,ARCX,EDGX,80.0,454.45,454.75,I,ARCX,ARCX ARCX,560 198,454.45 454.40,454.78 454.79,I 1,ARCX ARCX,ARCX,21.0,454.35,454.8,2.0,ARCX,ARCX,1.0,454.3,454.81,40.0,BATY,ARCX,21.0,454.25,454.83,6.0,ARCX,ARCX,10.0,454.24,454.84,4.0,ARCX,,,,,,
2025-12-06 10:29:12,ARCX,1,454.61,454.64,160,XNMS,XNMS,80,454.68,464.66,3884,ARCX,ARCX,3,454.55,454.69,80.0,EDGX,ARCX,700.0,454.5,454.7,135.0,ARCX,EDGX,80.0,454.45,454.75,I,ARCX,ARCX ARCX,560 198,454.45 454.40,454.78 454.79,I 1,ARCX ARCX,ARCX,21.0,454.35,454.8,2.0,ARCX,ARCX,1.0,454.3,454.81,40.0,BATY,ARCX,21.0,454.25,454.83,6.0,ARCX,ARCX,10.0,454.24,454.84,4.0,ARCX,,,,,,
2025-12-06 10:29:20,ARCX,1,454.61,454.64,160,XNMS,XNMS,80,454.68,464.66,3884,ARCX,ARCX,3,454.55,454.69,80.0,EDGX,ARCX,700.0,454.5,454.7,135.0,ARCX,EDGX,80.0,454.45,454.75,I,ARCX,ARCX ARCX,560 198,454.45 454.40,454.78 454.79,I 1,ARCX ARCX,ARCX,21.0,454.35,454.8,2.0,ARCX,ARCX,1.0,454.3,454.81,40.0,BATY,ARCX,21.0,454.25,454.83,6.0,ARCX,ARCX,10.0,454.24,454.84,4.0,ARCX,,,,,,
2025-12-06 10:29:27,ARCX,1,454.61,454.64,160,XNMS,XNMS,80,454.68,464.66,3884,ARCX,ARCX,3,454.55,454.69,80.0,EDGX,ARCX,700.0,454.5,454.7,135.0,ARCX,EDGX,80.0,454.45,454.75,I,ARCX,ARCX ARCX,560 198,454.45 454.40,454.78 454.79,I 1,ARCX ARCX,ARCX,21.0,454.35,454.8,2.0,ARCX,ARCX,1.0,454.3,454.81,40.0,BATY,ARCX,21.0,454.25,454.83,6.0,ARCX,ARCX,10.0,454.24,454.84,4.0,ARCX,,,,,,
2025-12-06 10:29:35,ARCX,1,454.61,454.64,160,XNMS,XNMS,80,454.68,464.66,3884,ARCX,ARCX,3,454.55,454.69,80.0,EDGX,ARCX,700.0,454.5,454.7,135.0,ARCX,EDGX,80.0,454.45,454.75,I,ARCX,ARCX ARCX,560 198,454.45 454.40,454.78 454.79,I 1,ARCX ARCX,ARCX,21.0,454.35,454.8,2.0,ARCX,ARCX,1.0,454.3,454.81,40.0,BATY,ARCX,21.0,454.25,454.83,6.0,ARCX,ARCX,10.0,454.24,454.84,4.0,ARCX,,,,,,
2025-12-06 10:29:43,ARCX,1,454.61,454.64,160,XNMS,XNMS,80,454.68,464.66,3884,ARCX,ARCX,3,454.55,454.69,80.0,EDGX,ARCX,700.0,454.5,454.7,135.0,ARCX,EDGX,80.0,454.45,454.75,I,ARCX,ARCX ARCX,560 198,454.45 454.40,454.78 454.79,I 1,ARCX ARCX,ARCX,21.0,454.35,454.8,2.0,ARCX,ARCX,1.0,454.3,454.81,40.0,BATY,ARCX,21.0,454.25,454.83,6.0,ARCX,ARCX,10.0,454.24,454.84,4.0,ARCX,,,,,,
2025-12-06 10:29:51,ARCX,1,454.61,454.64,160,XNMS,XNMS,80,454.68,464.66,3884,ARCX,ARCX,3,454.55,454.69,80.0,EDGX,ARCX,700.0,454.5,454.7,135.0,ARCX,EDGX,80.0,454.45,454.75,I,ARCX,ARCX ARCX,560 198,454.45 454.40,454.78 454.79,I 1,ARCX ARCX,ARCX,21.0,454.35,454.8,2.0,ARCX,ARCX,1.0,454.3,454.81,40.0,BATY,ARCX,21.0,454.25,454.83,6.0,ARCX,ARCX,10.0,454.24,454.84,4.0,ARCX,,,,,,
2025-12-06 10:29:59,ARCX,1,454.61,454.64,160,XNMS,XNMS,80,454.68,464.66,3884,ARCX,ARCX,3,454.55,454.69,80.0,EDGX,ARCX,700.0,454.5,454.7,135.0,ARCX,EDGX,80.0,454.45,454.75,I,ARCX,ARCX ARCX,560 198,454.45 454.40,454.78 454.79,I 1,ARCX ARCX,ARCX,21.0,454.35,454.8,2.0,ARCX,ARCX,1.0,454.3,454.81,40.0,BATY,ARCX,21.0,454.25,454.83,6.0,ARCX,ARCX,10.0,454.24,454.84,4.0,ARCX,,,,,,
2025-12-06 10:30:07,ARCX,1,454.61,454.64,160,XNMS,XNMS,80,454.68,464.66,3884,ARCX,ARCX,3,454.55,454.69,80.0,EDGX,ARCX,700.0,454.5,454.7,135.0,ARCX,EDGX,80.0,454.45,454.75,I,ARCX,ARCX ARCX,560 198,454.45 454.40,454.78 454.79,I 1,ARCX ARCX,ARCX,21.0,454.35,454.8,2.0,ARCX,ARCX,1.0,454.3,454.81,40.0,BATY,ARCX,21.0,454.25,454.83,6.0,ARCX,ARCX,10.0,454.24,454.84,4.0,ARCX,,,,,,
2025-12-06 10:30:15,ARCX,1,454.61,454.64,160,XNMS,XNMS,80,454.68,464.66,3884,ARCX,ARCX,3,454.55,454.69,80.0,EDGX,ARCX,700.0,454.5,454.7,135.0,ARCX,EDGX,80.0,454.45,454.75,I,ARCX,ARCX ARCX,560 198,454.45 454.40,454.78 454.79,I 1,ARCX ARCX,ARCX,21.0,454.35,454.8,2.0,ARCX,ARCX,1.0,454.3,454.81,40.0,BATY,ARCX,21.0,454.25,454.83,6.0,ARCX,ARCX,10.0,454.24,454.84,4.0,ARCX,,,,,,
2025-12-06 10:30:23,ARCX,1,454.61,454.64,160,XNMS,XNMS,80,454.68,464.66,3884,ARCX,ARCX,3,454.55,454.69,80.0,EDGX,ARCX,700.0,454.5,454.7,135.0,ARCX,EDGX,80.0,454.45,454.75,I,ARCX,ARCX ARCX,560 198,454.45 454.40,454.78 454.79,I 1,ARCX ARCX,ARCX,21.0,454.35,454.8,2.0,ARCX,ARCX,1.0,454.3,454.81,40.0,BATY,ARCX,21.0,454.25,454.83,6.0,ARCX,ARCX,10.0,454.24,454.84,4.0,ARCX,,,,,,
2025-12-06 10:30:31,ARCX,1,454.61,454.64,160,XNMS,XNMS,80,454.68,464.66,3884,ARCX,ARCX,3,454.55,454.69,80.0,EDGX,ARCX,700.0,454.5,454.7,135.0,ARCX,EDGX,80.0,454.45,454.75,I,ARCX,ARCX ARCX,560 198,454.45 454.40,454.78 454.79,I 1,ARCX ARCX,ARCX,21.0,454.35,454.8,2.0,ARCX,ARCX,1.0,454.3,454.81,40.0,BATY,ARCX,21.0,454.25,454.83,6.0,ARCX,ARCX,10.0,454.24,454.84,4.0,ARCX,,,,,,
2025-12-06 10:30:39,ARCX,1,454.61,454.64,160,XNMS,XNMS,80,454.68,464.66,3884,ARCX,ARCX,3,454.55,454.69,80.0,EDGX,ARCX,700.0,454.5,454.7,135.0,ARCX,EDGX,80.0,454.45,454.75,I,ARCX,ARCX ARCX,560 198,454.45 454.40,454.78 454.79,I 1,ARCX ARCX,ARCX,21.0,454.35,454.8,2.0,ARCX,ARCX,1.0,454.3,454.81,40.0,BATY,ARCX,21.0,454.25,454.83,6.0,ARCX,ARCX,10.0,454.24,454.84,4.0,ARCX,,,,,,
2025-12-06 10:30:46,ARCX,1,454.61,454.64,160,XNMS,XNMS,80,454.68,464.66,3884,ARCX,ARCX,3,454.55,454.69,80.0,EDGX,ARCX,700.0,454.5,454.7,135.0,ARCX,EDGX,80.0,454.45,454.75,I,ARCX,ARCX ARCX,560 198,454.45 454.40,454.78 454.79,I 1,ARCX ARCX,ARCX,21.0,454.35,454.8,2.0,ARCX,ARCX,1.0,454.3,454.81,40.0,BATY,ARCX,21.0,454.25,454.83,6.0,ARCX,ARCX,10.0,454.24,454.84,4.0,ARCX,,,,,,
2025-12-06 10:30:54,ARCX,1,454.61,454.64,160,XNMS,XNMS,80,454.68,464.66,3884,ARCX,ARCX,3,454.55,454.69,80.0,EDGX,ARCX,700.0,454.5,454.7,135.0,ARCX,EDGX,80.0,454.45,454.75,I,ARCX,ARCX ARCX,560 198,454.45 454.40,454.78 454.79,I 1,ARCX ARCX,ARCX,21.0,454.35,454.8,2.0,ARCX,ARCX,1.0,454.3,454.81,40.0,BATY,ARCX,21.0,454.25,454.83,6.0,ARCX,ARCX,10.0,454.24,454.84,4.0,ARCX,,,,,,
2025-12-06 10:31:01,ARCX,1,454.61,454.64,160,XNMS,XNMS,80,454.68,464.66,3884,ARCX,ARCX,3,454.55,454.69,80.0,EDGX,ARCX,700.0,454.5,454.7,135.0,ARCX,EDGX,80.0,454.45,454.75,I,ARCX,ARCX ARCX,560 198,454.45 454.40,454.78 454.79,I 1,ARCX ARCX,ARCX,21.0,454.35,454.8,2.0,ARCX,ARCX,1.0,454.3,454.81,40.0,BATY,ARCX,21.0,454.25,454.83,6.0,ARCX,ARCX,10.0,454.24,454.84,4.0,ARCX,,,,,,
2025-12-06 10:31:10,ARCX,1,454.61,454.64,160,XNMS,XNMS,80,454.68,464.66,3884,ARCX,ARCX,3,454.55,454.69,80.0,EDGX,ARCX,700.0,454.5,454.7,135.0,ARCX,EDGX,80.0,454.45,454.75,I,ARCX,ARCX ARCX,560 198,454.45 454.40,454.78 454.79,I 1,ARCX ARCX,ARCX,21.0,454.35,454.8,2.0,ARCX,ARCX,1.0,454.3,454.81,40.0,BATY,ARCX,21.0,454.25,454.83,6.0,ARCX,ARCX,10.0,454.24,454.84,4.0,ARCX,,,,,,
2025-12-06 10:31:17,ARCX,1,454.61,454.64,160,XNMS,XNMS,80,454.68,464.66,3884,ARCX,ARCX,3,454.55,454.69,80.0,EDGX,ARCX,700.0,454.5,454.7,135.0,ARCX,EDGX,80.0,454.45,454.75,I,ARCX,ARCX ARCX,560 198,454.45 454.40,454.78 454.79,I 1,ARCX ARCX,ARCX,21.0,454.35,454.8,2.0,ARCX,ARCX,1.0,454.3,454.81,40.0,BATY,ARCX,21.0,454.25,454.83,6.0,ARCX,ARCX,10.0,454.24,454.84,4.0,ARCX,,,,,,
2025-12-06 10:31:25,ARCX,1,454.61,454.64,160,XNMS,XNMS,80,454.68,464.66,3884,ARCX,ARCX,3,454.55,454.69,80.0,EDGX,ARCX,700.0,454.5,454.7,135.0,ARCX,EDGX,80.0,454.45,454.75,I,ARCX,ARCX ARCX,560 198,454.45 454.40,454.78 454.79,I 1,ARCX ARCX,ARCX,21.0,454.35,454.8,2.0,ARCX,ARCX,1.0,454.3,454.81,40.0,BATY,ARCX,21.0,454.25,454.83,6.0,ARCX,ARCX,10.0,454.24,454.84,4.0,ARCX,,,,,,
2025-12-06 10:31:33,ARCX,1,454.61,454.64,160,XNMS,XNMS,80,454.68,464.66,3884,ARCX,ARCX,3,454.55,454.69,80.0,EDGX,ARCX,700.0,454.5,454.7,135.0,ARCX,EDGX,80.0,454.45,454.75,I,ARCX,ARCX ARCX,560 198,454.45 454.40,454.78 454.79,I 1,ARCX ARCX,ARCX,21.0,454.35,454.8,2.0,ARCX,ARCX,1.0,454.3,454.81,40.0,BATY,ARCX,21.0,454.25,454.83,6.0,ARCX,ARCX,10.0,454.24,454.84,4.0,ARCX,,,,,,
2025-12-06 10:31:41,ARCX,1,454.61,454.64,160,XNMS,XNMS,80,454.68,464.66,3884,ARCX,ARCX,3,454.55,454.69,80.0,EDGX,ARCX,700.0,454.5,454.7,135.0,ARCX,EDGX,80.0,454.45,454.75,I,ARCX,ARCX ARCX,560 198,454.45 454.40,454.78 454.79,I 1,ARCX ARCX,ARCX,21.0,454.35,454.8,2.0,ARCX,ARCX,1.0,454.3,454.81,40.0,BATY,ARCX,21.0,454.25,454.83,6.0,ARCX,ARCX,10.0,454.24,454.84,4.0,ARCX,,,,,,
2025-12-06 10:31:49,ARCX,1,454.61,454.64,160,XNMS,XNMS,80,454.68,464.66,3884,ARCX,ARCX,3,454.55,454.69,80.0,EDGX,ARCX,700.0,454.5,454.7,135.0,ARCX,EDGX,80.0,454.45,454.75,I,ARCX,ARCX ARCX,560 198,454.45 454.40,454.78 454.79,I 1,ARCX ARCX,ARCX,21.0,454.35,454.8,2.0,ARCX,ARCX,1.0,454.3,454.81,40.0,BATY,ARCX,21.0,454.25,454.83,6.0,ARCX,ARCX,10.0,454.24,454.84,4.0,ARCX,,,,,,
2025-12-06 10:31:56,ARCX,1,454.61,454.64,160,XNMS,XNMS,80,454.68,464.66,3884,ARCX,ARCX,3,454.55,454.69,80.0,EDGX,ARCX,700.0,454.5,454.7,135.0,ARCX,EDGX,80.0,454.45,454.75,I,ARCX,ARCX ARCX,560 198,454.45 454.40,454.78 454.79,I 1,ARCX ARCX,ARCX,21.0,454.35,454.8,2.0,ARCX,ARCX,1.0,454.3,454.81,40.0,BATY,ARCX,21.0,454.25,454.83,6.0,ARCX,ARCX,10.0,454.24,454.84,4.0,ARCX,,,,,,
2025-12-06 10:32:04,ARCX,1,454.61,454.64,160,XNMS,XNMS,80,454.68,464.66,3884,ARCX,ARCX,3,454.55,454.69,80.0,EDGX,ARCX,700.0,454.5,454.7,135.0,ARCX,EDGX,80.0,454.45,454.75,I,ARCX,ARCX ARCX,560 198,454.45 454.40,454.78 454.79,I 1,ARCX ARCX,ARCX,21.0,454.35,454.8,2.0,ARCX,ARCX,1.0,454.3,454.81,40.0,BATY,ARCX,21.0,454.25,454.83,6.0,ARCX,ARCX,10.0,454.24,454.84,4.0,ARCX,,,,,,
2025-12-06 10:32:12,ARCX,1,454.61,454.64,160,XNMS,XNMS,80,454.68,464.66,3884,ARCX,ARCX,3,454.55,454.69,80.0,EDGX,ARCX,700.0,454.5,454.7,135.0,ARCX,EDGX,80.0,454.45,454.75,I,ARCX,ARCX ARCX,560 198,454.45 454.40,454.78 454.79,I 1,ARCX ARCX,ARCX,21.0,454.35,454.8,2.0,ARCX,ARCX,1.0,454.3,454.81,40.0,BATY,ARCX,21.0,454.25,454.83,6.0,ARCX,ARCX,10.0,454.24,454.84,4.0,ARCX,,,,,,
2025-12-06 10:32:19,ARCX,1,454.61,454.64,160,XNMS,XNMS,80,454.68,464.66,3884,ARCX,ARCX,3,454.55,454.69,80.0,EDGX,ARCX,700.0,454.5,454.7,135.0,ARCX,EDGX,80.0,454.45,454.75,I,ARCX,ARCX ARCX,560 198,454.45 454.40,454.78 454.79,I 1,ARCX ARCX,ARCX,21.0,454.35,454.8,2.0,ARCX,ARCX,1.0,454.3,454.81,40.0,BATY,ARCX,21.0,454.25,454.83,6.0,ARCX,ARCX,10.0,454.24,454.84,4.0,ARCX,,,,,,
2025-12-06 10:32:27,ARCX,1,454.61,454.64,160,XNMS,XNMS,80,454.68,464.66,3884,ARCX,ARCX,3,454.55,454.69,80.0,EDGX,ARCX,700.0,454.5,454.7,135.0,ARCX,EDGX,80.0,454.45,454.75,I,ARCX,ARCX ARCX,560 198,454.45 454.40,454.78 454.79,I 1,ARCX ARCX,ARCX,21.0,454.35,454.8,2.0,ARCX,ARCX,1.0,454.3,454.81,40.0,BATY,ARCX,21.0,454.25,454.83,6.0,ARCX,ARCX,10.0,454.24,454.84,4.0,ARCX,,,,,,
2025-12-06 10:32:35,ARCX,1,454.61,454.64,160,XNMS,XNMS,80,454.68,464.66,3884,ARCX,ARCX,3,454.55,454.69,80.0,EDGX,ARCX,700.0,454.5,454.7,135.0,ARCX,EDGX,80.0,454.45,454.75,I,ARCX,ARCX ARCX,560 198,454.45 454.40,454.78 454.79,I 1,ARCX ARCX,ARCX,21.0,454.35,454.8,2.0,ARCX,ARCX,1.0,454.3,454.81,40.0,BATY,ARCX,21.0,454.25,454.83,6.0,ARCX,ARCX,10.0,454.24,454.84,4.0,ARCX,,,,,,
2025-12-06 10:32:43,ARCX,1,454.61,454.64,160,XNMS,XNMS,80,454.68,464.66,3884,ARCX,ARCX,3,454.55,454.69,80.0,EDGX,ARCX,700.0,454.5,454.7,135.0,ARCX,EDGX,80.0,454.45,454.75,I,ARCX,ARCX ARCX,560 198,454.45 454.40,454.78 454.79,I 1,ARCX ARCX,ARCX,21.0,454.35,454.8,2.0,ARCX,ARCX,1.0,454.3,454.81,40.0,BATY,ARCX,21.0,454.25,454.83,6.0,ARCX,ARCX,10.0,454.24,454.84,4.0,ARCX,,,,,,
2025-12-06 10:32:52,ARCX,1,454.61,454.64,160,XNMS,XNMS,80,454.68,464.66,3884,ARCX,ARCX,3,454.55,454.69,80.0,EDGX,ARCX,700.0,454.5,454.7,135.0,ARCX,EDGX,80.0,454.45,454.75,I,ARCX,ARCX ARCX,560 198,454.45 454.40,454.78 454.79,I 1,ARCX ARCX,ARCX,21.0,454.35,454.8,2.0,ARCX,ARCX,1.0,454.3,454.81,40.0,BATY,ARCX,21.0,454.25,454.83,6.0,ARCX,ARCX,10.0,454.24,454.84,4.0,ARCX,,,,,,
2025-12-06 10:32:59,ARCX,1,454.61,454.64,160,XNMS,XNMS,80,454.68,464.66,3884,ARCX,ARCX,3,454.55,454.69,80.0,EDGX,ARCX,700.0,454.5,454.7,135.0,ARCX,EDGX,80.0,454.45,454.75,I,ARCX,ARCX ARCX,560 198,454.45 454.40,454.78 454.79,I 1,ARCX ARCX,ARCX,21.0,454.35,454.8,2.0,ARCX,ARCX,1.0,454.3,454.81,40.0,BATY,ARCX,21.0,454.25,454.83,6.0,ARCX,ARCX,10.0,454.24,454.84,4.0,ARCX,,,,,,
2025-12-06 10:33:07,ARCX,1,454.61,454.64,160,XNMS,XNMS,80,454.68,464.66,3884,ARCX,ARCX,3,454.55,454.69,80.0,EDGX,ARCX,700.0,454.5,454.7,135.0,ARCX,EDGX,80.0,454.45,454.75,I,ARCX,ARCX ARCX,560 198,454.45 454.40,454.78 454.79,I 1,ARCX ARCX,ARCX,21.0,454.35,454.8,2.0,ARCX,ARCX,1.0,454.3,454.81,40.0,BATY,ARCX,21.0,454.25,454.83,6.0,ARCX,ARCX,10.0,454.24,454.84,4.0,ARCX,,,,,,
2025-12-06 10:33:14,ARCX,1,454.61,454.64,160,XNMS,XNMS,80,454.68,464.66,3884,ARCX,ARCX,3,454.55,454.69,80.0,EDGX,ARCX,700.0,454.5,454.7,135.0,ARCX,EDGX,80.0,454.45,454.75,I,ARCX,ARCX ARCX,560 198,454.45 454.40,454.78 454.79,I 1,ARCX ARCX,ARCX,21.0,454.35,454.8,2.0,ARCX,ARCX,1.0,454.3,454.81,40.0,BATY,ARCX,21.0,454.25,454.83,6.0,ARCX,ARCX,10.0,454.24,454.84,4.0,ARCX,,,,,,
2025-12-06 10:33:21,ARCX,1,454.61,454.64,160,XNMS,XNMS,80,454.68,464.66,3884,ARCX,ARCX,3,454.55,454.69,80.0,EDGX,ARCX,700.0,454.5,454.7,135.0,ARCX,EDGX,80.0,454.45,454.75,I,ARCX,ARCX ARCX,560 198,454.45 454.40,454.78 454.79,I 1,ARCX ARCX,ARCX,21.0,454.35,454.8,2.0,ARCX,ARCX,1.0,454.3,454.81,40.0,BATY,ARCX,21.0,454.25,454.83,6.0,ARCX,ARCX,10.0,454.24,454.84,4.0,ARCX,,,,,,
2025-12-06 10:33:30,ARCX,1,454.61,454.64,160,XNMS,XNMS,80,454.68,464.66,3884,ARCX,ARCX,3,454.55,454.69,80.0,EDGX,ARCX,700.0,454.5,454.7,135.0,ARCX,EDGX,80.0,454.45,454.75,I,ARCX,ARCX ARCX,560 198,454.45 454.40,454.78 454.79,I 1,ARCX ARCX,ARCX,21.0,454.35,454.8,2.0,ARCX,ARCX,1.0,454.3,454.81,40.0,BATY,ARCX,21.0,454.25,454.83,6.0,ARCX,ARCX,10.0,454.24,454.84,4.0,ARCX,,,,,,
2025-12-06 10:33:37,ARCX,1,454.61,454.64,160,XNMS,XNMS,80,454.68,464.66,3884,ARCX,ARCX,3,454.55,454.69,80.0,EDGX,ARCX,700.0,454.5,454.7,135.0,ARCX,EDGX,80.0,454.45,454.75,I,ARCX,ARCX ARCX,560 198,454.45 454.40,454.78 454.79,I 1,ARCX ARCX,ARCX,21.0,454.35,454.8,2.0,ARCX,ARCX,1.0,454.3,454.81,40.0,BATY,ARCX,21.0,454.25,454.83,6.0,ARCX,ARCX,10.0,454.24,454.84,4.0,ARCX,,,,,,
2025-12-06 10:33:45,ARCX,1,454.61,454.64,160,XNMS,XNMS,80,454.68,464.66,3884,ARCX,ARCX,3,454.55,454.69,80.0,EDGX,ARCX,700.0,454.5,454.7,135.0,ARCX,EDGX,80.0,454.45,454.75,I,ARCX,ARCX ARCX,560 198,454.45 454.40,454.78 454.79,I 1,ARCX ARCX,ARCX,21.0,454.35,454.8,2.0,ARCX,ARCX,1.0,454.3,454.81,40.0,BATY,ARCX,21.0,454.25,454.83,6.0,ARCX,ARCX,10.0,454.24,454.84,4.0,ARCX,,,,,,
2025-12-06 10:33:54,ARCX,1,454.61,454.64,160,XNMS,XNMS,80,454.68,464.66,3884,ARCX,ARCX,3,454.55,454.69,80.0,EDGX,ARCX,700.0,454.5,454.7,135.0,ARCX,EDGX,80.0,454.45,454.75,I,ARCX,ARCX ARCX,560 198,454.45 454.40,454.78 454.79,I 1,ARCX ARCX,ARCX,21.0,454.35,454.8,2.0,ARCX,ARCX,1.0,454.3,454.81,40.0,BATY,ARCX,21.0,454.25,454.83,6.0,ARCX,ARCX,10.0,454.24,454.84,4.0,ARCX,,,,,,
2025-12-06 10:34:01,ARCX,1,454.61,454.64,160,XNMS,XNMS,80,454.68,464.66,3884,ARCX,ARCX,3,454.55,454.69,80.0,EDGX,ARCX,700.0,454.5,454.7,135.0,ARCX,EDGX,80.0,454.45,454.75,I,ARCX,ARCX ARCX,560 198,454.45 454.40,454.78 454.79,I 1,ARCX ARCX,ARCX,21.0,454.35,454.8,2.0,ARCX,ARCX,1.0,454.3,454.81,40.0,BATY,ARCX,21.0,454.25,454.83,6.0,ARCX,ARCX,10.0,454.24,454.84,4.0,ARCX,,,,,,
2025-12-06 10:34:09,ARCX,1,454.61,454.64,160,XNMS,XNMS,80,454.68,464.66,3884,ARCX,ARCX,3,454.55,454.69,80.0,EDGX,ARCX,700.0,454.5,454.7,135.0,ARCX,EDGX,80.0,454.45,454.75,I,ARCX,ARCX ARCX,560 198,454.45 454.40,454.78 454.79,I 1,ARCX ARCX,ARCX,21.0,454.35,454.8,2.0,ARCX,ARCX,1.0,454.3,454.81,40.0,BATY,ARCX,21.0,454.25,454.83,6.0,ARCX,ARCX,10.0,454.24,454.84,4.0,ARCX,,,,,,
2025-12-06 10:34:16,ARCX,1,454.61,454.64,160,XNMS,XNMS,80,454.68,464.66,3884,ARCX,ARCX,3,454.55,454.69,80.0,EDGX,ARCX,700.0,454.5,454.7,135.0,ARCX,EDGX,80.0,454.45,454.75,I,ARCX,ARCX ARCX,560 198,454.45 454.40,454.78 454.79,I 1,ARCX ARCX,ARCX,21.0,454.35,454.8,2.0,ARCX,ARCX,1.0,454.3,454.81,40.0,BATY,ARCX,21.0,454.25,454.83,6.0,ARCX,ARCX,10.0,454.24,454.84,4.0,ARCX,,,,,,
2025-12-06 10:34:24,ARCX,1,454.61,454.64,160,XNMS,XNMS,80,454.68,464.66,3884,ARCX,ARCX,3,454.55,454.69,80.0,EDGX,ARCX,700.0,454.5,454.7,135.0,ARCX,EDGX,80.0,454.45,454.75,I,ARCX,ARCX ARCX,560 198,454.45 454.40,454.78 454.79,I 1,ARCX ARCX,ARCX,21.0,454.35,454.8,2.0,ARCX,ARCX,1.0,454.3,454.81,40.0,BATY,ARCX,21.0,454.25,454.83,6.0,ARCX,ARCX,10.0,454.24,454.84,4.0,ARCX,,,,,,
2025-12-06 10:34:32,ARCX,1,454.61,454.64,160,XNMS,XNMS,80,454.68,464.66,3884,ARCX,ARCX,3,454.55,454.69,80.0,EDGX,ARCX,700.0,454.5,454.7,135.0,ARCX,EDGX,80.0,454.45,454.75,I,ARCX,ARCX ARCX,560 198,454.45 454.40,454.78 454.79,I 1,ARCX ARCX,ARCX,21.0,454.35,454.8,2.0,ARCX,ARCX,1.0,454.3,454.81,40.0,BATY,ARCX,21.0,454.25,454.83,6.0,ARCX,ARCX,10.0,454.24,454.84,4.0,ARCX,,,,,,
2025-12-06 10:34:40,ARCX,1,454.61,454.64,160,XNMS,XNMS,80,454.68,464.66,3884,ARCX,ARCX,3,454.55,454.69,80.0,EDGX,ARCX,700.0,454.5,454.7,135.0,ARCX,EDGX,80.0,454.45,454.75,I,ARCX,ARCX ARCX,560 198,454.45 454.40,454.78 454.79,I 1,ARCX ARCX,ARCX,21.0,454.35,454.8,2.0,ARCX,ARCX,1.0,454.3,454.81,40.0,BATY,ARCX,21.0,454.25,454.83,6.0,ARCX,ARCX,10.0,454.24,454.84,4.0,ARCX,,,,,,
2025-12-06 10:34:48,ARCX,1,454.61,454.64,160,XNMS,XNMS,80,454.68,464.66,3884,ARCX,ARCX,3,454.55,454.69,80.0,EDGX,ARCX,700.0,454.5,454.7,135.0,ARCX,EDGX,80.0,454.45,454.75,I,ARCX,ARCX ARCX,560 198,454.45 454.40,454.78 454.79,I 1,ARCX ARCX,ARCX,21.0,454.35,454.8,2.0,ARCX,ARCX,1.0,454.3,454.81,40.0,BATY,ARCX,21.0,454.25,454.83,6.0,ARCX,ARCX,10.0,454.24,454.84,4.0,ARCX,,,,,,
2025-12-06 10:34:56,ARCX,1,454.61,454.64,160,XNMS,XNMS,80,454.68,464.66,3884,ARCX,ARCX,3,454.55,454.69,80.0,EDGX,ARCX,700.0,454.5,454.7,135.0,ARCX,EDGX,80.0,454.45,454.75,I,ARCX,ARCX ARCX,560 198,454.45 454.40,454.78 454.79,I 1,ARCX ARCX,ARCX,21.0,454.35,454.8,2.0,ARCX,ARCX,1.0,454.3,454.81,40.0,BATY,ARCX,21.0,454.25,454.83,6.0,ARCX,ARCX,10.0,454.24,454.84,4.0,ARCX,,,,,,
2025-12-06 10:35:07,ARCX,1,454.61,454.64,160,XNMS,XNMS,80,454.68,464.66,3884,ARCX,ARCX,3,454.55,454.69,80.0,EDGX,ARCX,700.0,454.5,454.7,135.0,ARCX,EDGX,80.0,454.45,454.75,I,ARCX,ARCX ARCX,560 198,454.45 454.40,454.78 454.79,I 1,ARCX ARCX,ARCX,21.0,454.35,454.8,2.0,ARCX,ARCX,1.0,454.3,454.81,40.0,BATY,ARCX,21.0,454.25,454.83,6.0,ARCX,ARCX,10.0,454.24,454.84,4.0,ARCX,,,,,,
2025-12-06 10:35:14,ARCX,1,454.61,454.64,160,XNMS,XNMS,80,454.68,464.66,3884,ARCX,ARCX,3,454.55,454.69,80.0,EDGX,ARCX,700.0,454.5,454.7,135.0,ARCX,EDGX,80.0,454.45,454.75,I,ARCX,ARCX ARCX,560 198,454.45 454.40,454.78 454.79,I 1,ARCX ARCX,ARCX,21.0,454.35,454.8,2.0,ARCX,ARCX,1.0,454.3,454.81,40.0,BATY,ARCX,21.0,454.25,454.83,6.0,ARCX,ARCX,10.0,454.24,454.84,4.0,ARCX,,,,,,
2025-12-06 10:35:23,ARCX,1,454.61,454.64,160,XNMS,XNMS,80,454.68,464.66,3884,ARCX,ARCX,3,454.55,454.69,80.0,EDGX,ARCX,700.0,454.5,454.7,135.0,ARCX,EDGX,80.0,454.45,454.75,I,ARCX,ARCX ARCX,560 198,454.45 454.40,454.78 454.79,I 1,ARCX ARCX,ARCX,21.0,454.35,454.8,2.0,ARCX,ARCX,1.0,454.3,454.81,40.0,BATY,ARCX,21.0,454.25,454.83,6.0,ARCX,ARCX,10.0,454.24,454.84,4.0,ARCX,,,,,,
2025-12-06 10:35:30,ARCX,1,454.61,454.64,160,XNMS,XNMS,80,454.68,464.66,3884,ARCX,ARCX,3,454.55,454.69,80.0,EDGX,ARCX,700.0,454.5,454.7,135.0,ARCX,EDGX,80.0,454.45,454.75,I,ARCX,ARCX ARCX,560 198,454.45 454.40,454.78 454.79,I 1,ARCX ARCX,ARCX,21.0,454.35,454.8,2.0,ARCX,ARCX,1.0,454.3,454.81,40.0,BATY,ARCX,21.0,454.25,454.83,6.0,ARCX,ARCX,10.0,454.24,454.84,4.0,ARCX,,,,,,
2025-12-06 10:35:38,ARCX,1,454.61,454.64,160,XNMS,XNMS,80,454.68,464.66,3884,ARCX,ARCX,3,454.55,454.69,80.0,EDGX,ARCX,700.0,454.5,454.7,135.0,ARCX,EDGX,80.0,454.45,454.75,I,ARCX,ARCX ARCX,560 198,454.45 454.40,454.78 454.79,I 1,ARCX ARCX,ARCX,21.0,454.35,454.8,2.0,ARCX,ARCX,1.0,454.3,454.81,40.0,BATY,ARCX,21.0,454.25,454.83,6.0,ARCX,ARCX,10.0,454.24,454.84,4.0,ARCX,,,,,,
2025-12-06 10:35:45,ARCX,1,454.61,454.64,160,XNMS,XNMS,80,454.68,464.66,3884,ARCX,ARCX,3,454.55,454.69,80.0,EDGX,ARCX,700.0,454.5,454.7,135.0,ARCX,EDGX,80.0,454.45,454.75,I,ARCX,ARCX ARCX,560 198,454.45 454.40,454.78 454.79,I 1,ARCX ARCX,ARCX,21.0,454.35,454.8,2.0,ARCX,ARCX,1.0,454.3,454.81,40.0,BATY,ARCX,21.0,454.25,454.83,6.0,ARCX,ARCX,10.0,454.24,454.84,4.0,ARCX,,,,,,
2025-12-06 10:35:53,ARCX,1,454.61,454.64,160,XNMS,XNMS,80,454.68,464.66,3884,ARCX,ARCX,3,454.55,454.69,80.0,EDGX,ARCX,700.0,454.5,454.7,135.0,ARCX,EDGX,80.0,454.45,454.75,I,ARCX,ARCX ARCX,560 198,454.45 454.40,454.78 454.79,I 1,ARCX ARCX,ARCX,21.0,454.35,454.8,2.0,ARCX,ARCX,1.0,454.3,454.81,40.0,BATY,ARCX,21.0,454.25,454.83,6.0,ARCX,ARCX,10.0,454.24,454.84,4.0,ARCX,,,,,,
2025-12-06 10:36:01,ARCX,1,454.61,454.64,160,XNMS,XNMS,80,454.68,464.66,3884,ARCX,ARCX,3,454.55,454.69,80.0,EDGX,ARCX,700.0,454.5,454.7,135.0,ARCX,EDGX,80.0,454.45,454.75,I,ARCX,ARCX ARCX,560 198,454.45 454.40,454.78 454.79,I 1,ARCX ARCX,ARCX,21.0,454.35,454.8,2.0,ARCX,ARCX,1.0,454.3,454.81,40.0,BATY,ARCX,21.0,454.25,454.83,6.0,ARCX,ARCX,10.0,454.24,454.84,4.0,ARCX,,,,,,
